buy #,Symbol,b/s,buy date,purchase price,purchase qty,COGS,sell #,Symbol,b/s,sell date,sell price,sell qty,Revenue,fee,net sale,gain/loss $,gain/loss %,days held,G/L,Week
96,AVGO,B,1/2/2019,252.9699 ,-10,-2529.699,284,AVGO,S,1/2/2019,253.2210 ,10,2532.210,0.050,2532.160,2.511,0.099%,0,G,1
18,BND,B,1/2/2019,79.2750 ,-20,-1585.500,278,BND,S,1/2/2019,79.3000 ,20,1586.000,0.040,1585.960,0.500,0.032%,0,G,1
158,BND,B,1/2/2019,79.3599 ,-20,-1587.198,59,BND,S,1/3/2019,79.6100 ,20,1592.200,0.040,1592.160,5.002,0.315%,1,G,1
154,BSV,B,1/2/2019,78.6192 ,-20,-1572.384,60,BSV,S,1/3/2019,78.7702 ,20,1575.404,0.040,1575.364,3.020,0.192%,1,G,1
12,CME,B,1/2/2019,187.3479 ,-20,-3746.958,196,CME,S,1/2/2019,187.3800 ,20,3747.600,0.060,3747.540,0.642,0.017%,0,G,1
52,CME,B,1/2/2019,187.4400 ,-20,-3748.800,240,CME,S,1/2/2019,187.4825 ,20,3749.650,0.060,3749.590,0.850,0.023%,0,G,1
114,CME,B,1/2/2019,186.9900 ,-20,-3739.800,348,CME,S,1/2/2019,185.8100 ,20,3716.200,0.060,3716.140,-23.600,-0.631%,0,L,1
14,DE,B,1/2/2019,147.5392 ,-25,-3688.480,248,DE,S,1/2/2019,147.6000 ,25,3690.000,0.060,3689.940,1.520,0.041%,0,G,1
104,DE,B,1/2/2019,148.5099 ,-10,-1485.099,282,DE,S,1/2/2019,148.5400 ,10,1485.400,0.030,1485.370,0.301,0.020%,0,G,1
8,DUST,B,1/2/2019,23.1110 ,-100,-2311.100,198,DUST,S,1/2/2019,23.3600 ,100,2336.000,0.050,2335.950,24.900,1.077%,0,G,1
8,DUST,B,1/2/2019,23.1110 ,-100,-2311.100,200,DUST,S,1/2/2019,23.3550 ,100,2335.500,0.050,2335.450,24.400,1.056%,0,G,1
112,DUST,B,1/2/2019,23.1700 ,-200,-4634.000,296,DUST,S,1/2/2019,23.3700 ,200,4674.000,0.090,4673.910,40.000,0.863%,0,G,1
16,ETSY,B,1/2/2019,47.1565 ,-1,-47.157,208,ETSY,S,1/2/2019,46.7300 ,1,46.730,0.020,46.710,-0.427,-0.904%,0,L,1
16,ETSY,B,1/2/2019,47.1565 ,-9,-424.409,226,ETSY,S,1/2/2019,46.7300 ,9,420.570,0.020,420.550,-3.839,-0.904%,0,L,1
94,ETSY,B,1/2/2019,47.1233 ,-40,-1884.932,272,ETSY,S,1/2/2019,47.1800 ,40,1887.200,0.040,1887.160,2.268,0.120%,0,G,1
102,ETSY,B,1/2/2019,47.3736 ,-60,-2842.416,286,ETSY,S,1/2/2019,47.4000 ,60,2844.000,0.050,2843.950,1.584,0.056%,0,G,1
188,ETSY,B,1/2/2019,46.8259 ,-20,-936.518,382,ETSY,S,1/2/2019,46.9700 ,20,939.400,0.030,939.370,2.882,0.308%,0,G,1
4,GLD,B,1/2/2019,121.3950 ,-10,-1213.950,202,GLD,S,1/2/2019,121.4200 ,10,1214.200,0.030,1214.170,0.250,0.021%,0,G,1
66,GLD,B,1/2/2019,121.4690 ,-20,-2429.380,254,GLD,S,1/2/2019,121.5000 ,20,2430.000,0.050,2429.950,0.620,0.026%,0,G,1
122,GLD,B,1/2/2019,121.0550 ,-20,-2421.100,58,GLD,S,1/3/2019,121.9900 ,20,2439.800,0.050,2439.750,18.700,0.772%,1,G,1
2,INTC,B,1/2/2019,46.1799 ,-100,-4617.990,192,INTC,S,1/2/2019,46.2200 ,100,4622.000,0.080,4621.920,4.010,0.087%,0,G,1
44,INTC,B,1/2/2019,47.0000 ,-10,-470.000,234,INTC,S,1/2/2019,46.9010 ,10,469.010,0.020,468.990,-0.990,-0.211%,0,L,1
72,IRM,B,1/2/2019,32.0800 ,-100,-3208.000,280,IRM,S,1/2/2019,32.1000 ,100,3210.000,0.050,3209.950,2.000,0.062%,0,G,1
74,IRM,B,1/2/2019,32.0800 ,-20,-641.600,280,IRM,S,1/2/2019,32.1000 ,20,642.000,0.020,641.980,0.400,0.062%,0,G,1
24,KO,B,1/2/2019,46.8299 ,-40,-1873.196,298,KO,S,1/2/2019,46.8500 ,40,1874.000,0.040,1873.960,0.804,0.043%,0,G,1
10,NKE,B,1/2/2019,73.2493 ,-35,-2563.726,204,NKE,S,1/2/2019,73.8500 ,35,2584.750,0.050,2584.700,21.025,0.820%,0,G,1
10,NKE,B,1/2/2019,73.2493 ,-25,-1831.233,206,NKE,S,1/2/2019,73.8400 ,25,1846.000,0.040,1845.960,14.767,0.806%,0,G,1
184,NKE,B,1/2/2019,73.8800 ,-20,-1477.600,378,NKE,S,1/2/2019,73.9401 ,20,1478.802,0.030,1478.772,1.202,0.081%,0,G,1
50,O,B,1/2/2019,61.8499 ,-20,-1236.998,236,O,S,1/2/2019,61.8700 ,20,1237.400,0.030,1237.370,0.402,0.032%,0,G,1
56,O,B,1/2/2019,62.0997 ,-20,-1241.994,242,O,S,1/2/2019,62.1200 ,20,1242.400,0.030,1242.370,0.406,0.033%,0,G,1
106,PANW,B,1/2/2019,185.2723 ,-1,-185.272,288,PANW,S,1/2/2019,185.3000 ,1,185.300,0.020,185.280,0.028,0.015%,0,G,1
106,PANW,B,1/2/2019,185.2723 ,-19,-3520.174,292,PANW,S,1/2/2019,185.3000 ,19,3520.700,0.060,3520.640,0.526,0.015%,0,G,1
116,PEGI,B,1/2/2019,18.7294 ,-300,-5618.820,346,PEGI,S,1/2/2019,18.7500 ,300,5625.000,0.120,5624.880,6.180,0.110%,0,G,1
144,PFE,B,1/2/2019,43.2770 ,-31,-1341.587,324,PFE,S,1/2/2019,43.3110 ,31,1342.641,0.030,1342.611,1.054,0.079%,0,G,1
144,PFE,B,1/2/2019,43.2770 ,-15,-649.155,326,PFE,S,1/2/2019,43.3110 ,15,649.665,0.020,649.645,0.510,0.079%,0,G,1
144,PFE,B,1/2/2019,43.2770 ,-4,-173.108,330,PFE,S,1/2/2019,43.3110 ,4,173.244,0.020,173.224,0.136,0.079%,0,G,1
144,PFE,B,1/2/2019,43.2770 ,-50,-2163.850,332,PFE,S,1/2/2019,43.3100 ,50,2165.500,0.040,2165.460,1.650,0.076%,0,G,1
100,PG,B,1/2/2019,90.7996 ,-10,-907.996,300,PG,S,1/2/2019,90.8300 ,10,908.300,0.030,908.270,0.304,0.033%,0,G,1
140,PG,B,1/2/2019,90.8750 ,-1,-90.875,336,PG,S,1/2/2019,90.9000 ,1,90.900,0.020,90.880,0.025,0.028%,0,G,1
140,PG,B,1/2/2019,90.8750 ,-19,-1726.625,340,PG,S,1/2/2019,90.9000 ,19,1727.100,0.040,1727.060,0.475,0.028%,0,G,1
6,SBUX,B,1/2/2019,63.6899 ,-75,-4776.743,194,SBUX,S,1/2/2019,63.7300 ,75,4779.750,0.080,4779.670,3.007,0.063%,0,G,1
70,SBUX,B,1/2/2019,63.4500 ,-20,-1269.000,252,SBUX,S,1/2/2019,63.4800 ,20,1269.600,0.030,1269.570,0.600,0.047%,0,G,1
92,SBUX,B,1/2/2019,63.5600 ,-20,-1271.200,274,SBUX,S,1/2/2019,63.6201 ,20,1272.402,0.030,1272.372,1.202,0.095%,0,G,1
110,SBUX,B,1/2/2019,63.9999 ,-20,-1279.998,318,SBUX,S,1/2/2019,64.0400 ,20,1280.800,0.030,1280.770,0.802,0.063%,0,G,1
164,SBUX,B,1/2/2019,64.2300 ,-20,-1284.600,384,SBUX,S,1/2/2019,64.2500 ,20,1285.000,0.030,1284.970,0.400,0.031%,0,G,1
162,SH,B,1/2/2019,31.4550 ,-40,-1258.200,370,SH,S,1/2/2019,31.4700 ,40,1258.800,0.030,1258.770,0.600,0.048%,0,G,1
182,SH,B,1/2/2019,31.4800 ,-60,-1888.800,380,SH,S,1/2/2019,31.3630 ,60,1881.780,0.040,1881.740,-7.020,-0.372%,0,L,1
142,SLV,B,1/2/2019,14.5498 ,-200,-2909.960,40,SLV,S,1/3/2019,14.6700 ,200,2934.000,0.060,2933.940,24.040,0.826%,1,G,1
152,SPXU,B,1/2/2019,46.3000 ,-30,-1389.000,372,SPXU,S,1/2/2019,46.7200 ,30,1401.600,0.030,1401.570,12.600,0.907%,0,G,1
26,TCEHY,B,1/2/2019,39.3500 ,-20,-787.000,232,TCEHY,S,1/2/2019,39.3700 ,20,787.400,0.030,787.370,0.400,0.051%,0,G,1
150,TSCO,B,1/2/2019,82.5885 ,-10,-825.885,344,TSCO,S,1/2/2019,82.6200 ,10,826.200,0.030,826.170,0.315,0.038%,0,G,1
22,TVIX,B,1/2/2019,74.0600 ,-60,-4443.600,230,TVIX,S,1/2/2019,74.0900 ,60,4445.400,0.070,4445.330,1.800,0.041%,0,G,1
46,TVIX,B,1/2/2019,72.8370 ,-60,-4370.220,238,TVIX,S,1/2/2019,71.3900 ,60,4283.400,0.070,4283.330,-86.820,-1.987%,0,L,1
58,TVIX,B,1/2/2019,71.9500 ,-20,-1439.000,276,TVIX,S,1/2/2019,69.0513 ,20,1381.026,0.030,1380.996,-57.974,-4.029%,0,L,1
120,TVIX,B,1/2/2019,69.2779 ,-100,-6927.790,322,TVIX,S,1/2/2019,69.3400 ,100,6934.000,0.110,6933.890,6.210,0.090%,0,G,1
156,TVIX,B,1/2/2019,69.0599 ,-40,-2762.396,368,TVIX,S,1/2/2019,69.1500 ,40,2766.000,0.050,2765.950,3.604,0.130%,0,G,1
148,UVXY,B,1/2/2019,79.5200 ,-20,-1590.400,342,UVXY,S,1/2/2019,79.5500 ,20,1591.000,0.040,1590.960,0.600,0.038%,0,G,1
62,VIXY,B,1/2/2019,38.9000 ,-40,-1556.000,246,VIXY,S,1/2/2019,38.7800 ,40,1551.200,0.040,1551.160,-4.800,-0.308%,0,L,1
20,VXX,B,1/2/2019,47.8200 ,-80,-3825.600,228,VXX,S,1/2/2019,47.8600 ,80,3828.800,0.060,3828.740,3.200,0.084%,0,G,1
160,VXX,B,1/2/2019,46.3400 ,-20,-926.800,376,VXX,S,1/2/2019,45.8403 ,20,916.806,0.030,916.776,-9.994,-1.078%,0,L,1
54,YUM,B,1/2/2019,91.0400 ,-20,-1820.800,320,YUM,S,1/2/2019,91.0600 ,20,1821.200,0.040,1821.160,0.400,0.022%,0,G,1
146,YUM,B,1/2/2019,91.2700 ,-20,-1825.400,366,YUM,S,1/2/2019,90.9300 ,20,1818.600,0.040,1818.560,-6.800,-0.373%,0,L,1
190,YUM,B,1/2/2019,91.2399 ,-20,-1824.798,39,YUM,S,1/3/2019,90.3801 ,20,1807.602,0.040,1807.562,-17.196,-0.942%,1,L,1
12,ABT,B,1/3/2019,66.5176 ,-75,-4988.820,54,ABT,S,1/3/2019,66.5900 ,75,4994.250,0.080,4994.170,5.430,0.109%,0,G,1
25,BND,B,1/3/2019,79.6099 ,-40,-3184.396,172,BND,S,1/4/2019,79.4606 ,40,3178.424,0.060,3178.364,-5.972,-0.188%,1,L,1
8,ETSY,B,1/3/2019,46.3718 ,-100,-4637.180,48,ETSY,S,1/3/2019,46.3900 ,100,4639.000,0.080,4638.920,1.820,0.039%,0,G,1
9,INTC,B,1/3/2019,45.3500 ,-100,-4535.000,47,INTC,S,1/3/2019,45.3800 ,100,4538.000,0.070,4537.930,3.000,0.066%,0,G,1
11,INTC,B,1/3/2019,45.4100 ,-100,-4541.000,53,INTC,S,1/3/2019,45.5100 ,100,4551.000,0.070,4550.930,10.000,0.220%,0,G,1
23,IRM,B,1/3/2019,32.7800 ,-79,-2589.620,71,IRM,S,1/3/2019,32.8500 ,79,2595.150,0.050,2595.100,5.530,0.214%,0,G,1
23,IRM,B,1/3/2019,32.7800 ,-21,-688.380,72,IRM,S,1/3/2019,32.8500 ,21,689.850,0.020,689.830,1.470,0.214%,0,G,1
13,NBEV,B,1/3/2019,5.5178 ,-1,-5.518,50,NBEV,S,1/3/2019,5.5500 ,1,5.550,0.020,5.530,0.032,0.584%,0,G,1
13,NBEV,B,1/3/2019,5.5178 ,-99,-546.262,51,NBEV,S,1/3/2019,5.5500 ,99,549.450,0.020,549.430,3.188,0.584%,0,G,1
27,NBEV,B,1/3/2019,5.6300 ,-100,-563.000,65,NBEV,S,1/3/2019,5.6500 ,100,565.000,0.020,564.980,2.000,0.355%,0,G,1
28,NBEV,B,1/3/2019,5.6300 ,-100,-563.000,65,NBEV,S,1/3/2019,5.6500 ,100,565.000,0.020,564.980,2.000,0.355%,0,G,1
35,NBEV,B,1/3/2019,5.6079 ,-500,-2803.950,119,NBEV,S,1/4/2019,5.6300 ,500,2815.000,0.100,2814.900,11.050,0.394%,1,G,1
35,NBEV,B,1/3/2019,5.6079 ,-4,-22.432,120,NBEV,S,1/4/2019,5.6300 ,4,22.520,0.020,22.500,0.088,0.394%,1,G,1
35,NBEV,B,1/3/2019,5.6079 ,-3,-16.824,121,NBEV,S,1/4/2019,5.6300 ,3,16.890,0.020,16.870,0.066,0.394%,1,G,1
35,NBEV,B,1/3/2019,5.6079 ,-1,-5.608,122,NBEV,S,1/4/2019,5.6300 ,1,5.630,0.020,5.610,0.022,0.394%,1,G,1
35,NBEV,B,1/3/2019,5.6079 ,-65,-364.514,123,NBEV,S,1/4/2019,5.6300 ,65,365.950,0.020,365.930,1.437,0.394%,1,G,1
35,NBEV,B,1/3/2019,5.6079 ,-35,-196.277,124,NBEV,S,1/4/2019,5.6300 ,35,197.050,0.020,197.030,0.773,0.394%,1,G,1
35,NBEV,B,1/3/2019,5.6079 ,-192,-1076.717,127,NBEV,S,1/4/2019,5.3521 ,192,1027.603,0.040,1027.563,-49.114,-4.561%,1,L,1
10,NKE,B,1/3/2019,72.2800 ,-50,-3614.000,49,NKE,S,1/3/2019,72.3000 ,50,3615.000,0.060,3614.940,1.000,0.028%,0,G,1
20,NKE,B,1/3/2019,73.0096 ,-65,-4745.624,61,NKE,S,1/3/2019,73.0700 ,65,4749.550,0.080,4749.470,3.926,0.083%,0,G,1
34,NKE,B,1/3/2019,72.9899 ,-20,-1459.798,73,NKE,S,1/3/2019,73.0300 ,20,1460.600,0.030,1460.570,0.802,0.055%,0,G,1
16,SBUX,B,1/3/2019,62.3400 ,-16,-997.440,129,SBUX,S,1/4/2019,62.9000 ,16,1006.400,0.030,1006.370,8.960,0.898%,1,G,1
16,SBUX,B,1/3/2019,62.3400 ,-59,-3678.060,130,SBUX,S,1/4/2019,62.9000 ,59,3711.100,0.060,3711.040,33.040,0.898%,1,G,1
17,SH,B,1/3/2019,31.7500 ,-100,-3175.000,56,SH,S,1/3/2019,31.7700 ,100,3177.000,0.060,3176.940,2.000,0.063%,0,G,1
36,SH,B,1/3/2019,31.8800 ,-120,-3825.600,75,SH,S,1/3/2019,32.0600 ,120,3847.200,0.070,3847.130,21.600,0.565%,0,G,1
19,SPXU,B,1/3/2019,48.6191 ,-100,-4861.910,62,SPXU,S,1/3/2019,48.6710 ,100,4867.100,0.080,4867.020,5.190,0.107%,0,G,1
30,SPXU,B,1/3/2019,48.9098 ,-100,-4890.980,70,SPXU,S,1/3/2019,49.2800 ,100,4928.000,0.080,4927.920,37.020,0.757%,0,G,1
2,TCEHY,B,1/3/2019,38.9800 ,-40,-1559.200,41,TCEHY,S,1/3/2019,38.5500 ,40,1542.000,0.040,1541.960,-17.200,-1.103%,0,L,1
24,TSCO,B,1/3/2019,81.4591 ,-20,-1629.182,67,TSCO,S,1/3/2019,80.7201 ,20,1614.402,0.040,1614.362,-14.780,-0.907%,0,L,1
3,TVIX,B,1/3/2019,70.1999 ,-60,-4211.994,42,TVIX,S,1/3/2019,73.1200 ,60,4387.200,0.070,4387.130,175.206,4.160%,0,G,1
15,TVIX,B,1/3/2019,72.4487 ,-75,-5433.653,52,TVIX,S,1/3/2019,70.1200 ,75,5259.000,0.080,5258.920,-174.653,-3.214%,0,L,1
18,TVIX,B,1/3/2019,70.4089 ,-40,-2816.356,57,TVIX,S,1/3/2019,70.5100 ,40,2820.400,0.050,2820.350,4.044,0.144%,0,G,1
29,TVIX,B,1/3/2019,71.5573 ,-40,-2862.292,68,TVIX,S,1/3/2019,71.6200 ,40,2864.800,0.050,2864.750,2.508,0.088%,0,G,1
37,TVIX,B,1/3/2019,72.7799 ,-65,-4730.694,118,TVIX,S,1/4/2019,66.6612 ,65,4332.978,0.070,4332.908,-397.716,-8.407%,1,L,1
26,TZA,B,1/3/2019,15.3850 ,-200,-3077.000,66,TZA,S,1/3/2019,15.4410 ,200,3088.200,0.070,3088.130,11.200,0.364%,0,G,1
31,TZA,B,1/3/2019,15.3650 ,-100,-1536.500,69,TZA,S,1/3/2019,15.4710 ,100,1547.100,0.030,1547.070,10.600,0.690%,0,G,1
32,TZA,B,1/3/2019,15.3650 ,-100,-1536.500,69,TZA,S,1/3/2019,15.4710 ,100,1547.100,0.040,1547.060,10.600,0.690%,0,G,1
4,UVXY,B,1/3/2019,83.9200 ,-1,-83.920,43,UVXY,S,1/3/2019,83.9400 ,1,83.940,0.020,83.920,0.020,0.024%,0,G,1
4,UVXY,B,1/3/2019,83.9200 ,-19,-1594.480,44,UVXY,S,1/3/2019,83.9400 ,19,1594.860,0.040,1594.820,0.380,0.024%,0,G,1
5,UVXY,B,1/3/2019,85.3171 ,-100,-8531.710,45,UVXY,S,1/3/2019,85.4000 ,100,8540.000,0.130,8539.870,8.290,0.097%,0,G,1
22,UVXY,B,1/3/2019,82.7000 ,-60,-4962.000,64,UVXY,S,1/3/2019,82.8200 ,60,4969.200,0.080,4969.120,7.200,0.145%,0,G,1
1,VXX,B,1/3/2019,46.7400 ,-100,-4674.000,38,VXX,S,1/3/2019,46.7700 ,100,4677.000,0.080,4676.920,3.000,0.064%,0,G,1
6,VXX,B,1/3/2019,48.5300 ,-100,-4853.000,46,VXX,S,1/3/2019,48.1500 ,100,4815.000,0.070,4814.930,-38.000,-0.783%,0,L,1
7,VXX,B,1/3/2019,48.6170 ,-100,-4861.700,46,VXX,S,1/3/2019,48.1500 ,100,4815.000,0.080,4814.920,-46.700,-0.961%,0,L,1
33,VXX,B,1/3/2019,47.2300 ,-100,-4723.000,74,VXX,S,1/3/2019,47.3500 ,100,4735.000,0.080,4734.920,12.000,0.254%,0,G,1
14,YUM,B,1/3/2019,89.2699 ,-50,-4463.495,55,YUM,S,1/3/2019,89.3500 ,50,4467.500,0.070,4467.430,4.005,0.090%,0,G,1
21,YUM,B,1/3/2019,89.5299 ,-40,-3581.196,63,YUM,S,1/3/2019,89.5500 ,40,3582.000,0.060,3581.940,0.804,0.022%,0,G,1
93,ABT,B,1/4/2019,(68.0214),20,-1360.428,148,ABT,S,1/4/2019,68.1410 ,20,1362.820,0.050,1362.770,2.392,0.176%,0,G,1
116,ABT,B,1/4/2019,(68.0299),40,-2721.196,449,ABT,S,1/7/2019,69.4500 ,40,2778.000,0.050,2777.950,56.804,2.087%,3,G,2
88,AVGO,B,1/4/2019,(234.1699),1,-234.170,139,AVGO,S,1/4/2019,234.8500 ,1,234.850,0.020,234.830,0.680,0.290%,0,G,1
88,AVGO,B,1/4/2019,(234.1699),9,-2107.529,140,AVGO,S,1/4/2019,234.8500 ,9,2113.650,0.040,2113.610,6.121,0.290%,0,G,1
102,AVGO,B,1/4/2019,(234.9999),1,-235.000,157,AVGO,S,1/4/2019,235.0500 ,1,235.050,0.020,235.030,0.050,0.021%,0,G,1
102,AVGO,B,1/4/2019,(234.9999),19,-4464.998,158,AVGO,S,1/4/2019,235.0500 ,19,4465.950,0.070,4465.880,0.952,0.021%,0,G,1
109,AVGO,B,1/4/2019,(235.1999),1,-235.200,163,AVGO,S,1/4/2019,234.7500 ,1,234.750,0.020,234.730,-0.450,-0.191%,0,L,1
109,AVGO,B,1/4/2019,(235.1999),19,-4468.798,164,AVGO,S,1/4/2019,234.7500 ,19,4460.250,0.070,4460.180,-8.548,-0.191%,0,L,1
115,AVGO,B,1/4/2019,(233.6899),20,-4673.798,429,AVGO,S,1/7/2019,233.9000 ,20,4678.000,0.080,4677.920,4.202,0.090%,3,G,2
106,BSV,B,1/4/2019,(78.6599),20,-1573.198,174,BSV,S,1/4/2019,78.6301 ,20,1572.602,0.040,1572.562,-0.596,-0.038%,0,L,1
81,CME,B,1/4/2019,(182.6599),20,-3653.198,134,CME,S,1/4/2019,183.4800 ,20,3669.600,0.060,3669.540,16.402,0.449%,0,G,1
90,CME,B,1/4/2019,(183.6999),20,-3673.998,153,CME,S,1/4/2019,184.6500 ,20,3693.000,0.060,3692.940,19.002,0.517%,0,G,1
80,CRON,B,1/4/2019,(12.0283),200,-2405.660,128,CRON,S,1/4/2019,11.8535 ,200,2370.700,0.060,2370.640,-34.960,-1.453%,0,L,1
97,ETSY,B,1/4/2019,(49.4936),1,-49.494,150,ETSY,S,1/4/2019,50.2000 ,1,50.200,0.020,50.180,0.706,1.427%,0,G,1
97,ETSY,B,1/4/2019,(49.4936),19,-940.378,151,ETSY,S,1/4/2019,50.2000 ,19,953.800,0.030,953.770,13.422,1.427%,0,G,1
108,ETSY,B,1/4/2019,(50.5226),1,-50.523,161,ETSY,S,1/4/2019,50.5700 ,1,50.570,0.020,50.550,0.047,0.094%,0,G,1
108,ETSY,B,1/4/2019,(50.5226),19,-959.929,162,ETSY,S,1/4/2019,50.5700 ,19,960.830,0.030,960.800,0.901,0.094%,0,G,1
86,GLD,B,1/4/2019,(121.3600),10,-1213.600,147,GLD,S,1/4/2019,121.4510 ,10,1214.510,0.030,1214.480,0.910,0.075%,0,G,1
103,GLD,B,1/4/2019,(121.4550),40,-4858.200,438,GLD,S,1/7/2019,121.7450 ,40,4869.800,0.080,4869.720,11.600,0.239%,3,G,2
100,INTC,B,1/4/2019,(46.8299),20,-936.598,156,INTC,S,1/4/2019,47.2500 ,20,945.000,0.030,944.970,8.402,0.897%,0,G,1
79,IRM,B,1/4/2019,(33.1099),20,-662.198,125,IRM,S,1/4/2019,33.1800 ,20,663.600,0.020,663.580,1.402,0.212%,0,G,1
96,IRM,B,1/4/2019,(33.1299),39,-1292.066,144,IRM,S,1/4/2019,33.1600 ,39,1293.240,0.030,1293.210,1.174,0.091%,0,G,1
96,IRM,B,1/4/2019,(33.1299),1,-33.130,145,IRM,S,1/4/2019,33.1600 ,1,33.160,0.020,33.140,0.030,0.091%,0,G,1
95,KO,B,1/4/2019,(47.0199),40,-1880.796,143,KO,S,1/4/2019,47.0601 ,40,1882.404,0.040,1882.364,1.608,0.085%,0,G,1
98,KO,B,1/4/2019,(47.3298),20,-946.596,160,KO,S,1/4/2019,47.1500 ,20,943.000,0.030,942.970,-3.596,-0.380%,0,L,1
113,KO,B,1/4/2019,(47.2798),40,-1891.192,167,KO,S,1/4/2019,47.3000 ,40,1892.000,0.040,1891.960,0.808,0.043%,0,G,1
99,NBEV,B,1/4/2019,(5.5158),200,-1103.160,152,NBEV,S,1/4/2019,5.5500 ,200,1110.000,0.040,1109.960,6.840,0.620%,0,G,1
111,NBEV,B,1/4/2019,(5.4857),100,-548.570,168,NBEV,S,1/4/2019,5.3600 ,100,536.000,0.020,535.980,-12.570,-2.291%,0,L,1
111,NBEV,B,1/4/2019,(5.4857),100,-548.570,169,NBEV,S,1/4/2019,5.3600 ,100,536.000,0.020,535.980,-12.570,-2.291%,0,L,1
117,NBEV,B,1/4/2019,(5.3879),200,-1077.580,430,NBEV,S,1/7/2019,5.6000 ,200,1120.000,0.040,1119.960,42.420,3.937%,3,G,2
84,NKE,B,1/4/2019,(74.1297),20,-1482.594,132,NKE,S,1/4/2019,74.1500 ,20,1483.000,0.030,1482.970,0.406,0.027%,0,G,1
94,NKE,B,1/4/2019,(74.6099),20,-1492.198,146,NKE,S,1/4/2019,74.6400 ,20,1492.800,0.030,1492.770,0.602,0.040%,0,G,1
114,NKE,B,1/4/2019,(74.7499),20,-1494.998,173,NKE,S,1/4/2019,74.6601 ,20,1493.202,0.030,1493.172,-1.796,-0.120%,0,L,1
91,O,B,1/4/2019,(62.8990),20,-1257.980,142,O,S,1/4/2019,62.2807 ,20,1245.614,0.030,1245.584,-12.366,-0.983%,0,L,1
101,O,B,1/4/2019,(62.4599),20,-1249.198,170,O,S,1/4/2019,62.5000 ,20,1250.000,0.030,1249.970,0.802,0.064%,0,G,1
85,PEGI,B,1/4/2019,(19.2300),40,-769.200,138,PEGI,S,1/4/2019,19.2500 ,40,770.000,0.030,769.970,0.800,0.104%,0,G,1
110,PFE,B,1/4/2019,(43.1200),40,-1724.800,171,PFE,S,1/4/2019,43.0501 ,40,1722.004,0.040,1721.964,-2.796,-0.162%,0,L,1
77,PG,B,1/4/2019,(90.9595),10,-909.595,131,PG,S,1/4/2019,91.1100 ,10,911.100,0.030,911.070,1.505,0.165%,0,G,1
92,PG,B,1/4/2019,(91.7399),20,-1834.798,141,PG,S,1/4/2019,91.8000 ,20,1836.000,0.040,1835.960,1.202,0.066%,0,G,1
104,SH,B,1/4/2019,(31.0800),80,-2486.400,165,SH,S,1/4/2019,30.9700 ,80,2477.600,0.050,2477.550,-8.800,-0.354%,0,L,1
82,SLV,B,1/4/2019,(14.7000),100,-1470.000,154,SLV,S,1/4/2019,14.7400 ,100,1474.000,0.030,1473.970,4.000,0.272%,0,G,1
82,SLV,B,1/4/2019,(14.7000),100,-1470.000,155,SLV,S,1/4/2019,14.7400 ,100,1474.000,0.030,1473.970,4.000,0.272%,0,G,1
112,SLV,B,1/4/2019,(14.7000),200,-2940.000,175,SLV,S,1/4/2019,14.7100 ,200,2942.000,0.060,2941.940,2.000,0.068%,0,G,1
87,SPXU,B,1/4/2019,(46.1988),40,-1847.952,136,SPXU,S,1/4/2019,45.8006 ,40,1832.024,0.040,1831.984,-15.928,-0.862%,0,L,1
76,TCEHY,B,1/4/2019,(39.5200),20,-790.400,126,TCEHY,S,1/4/2019,39.9400 ,20,798.800,0.030,798.770,8.400,1.063%,0,G,1
105,TVIX,B,1/4/2019,(62.7990),40,-2511.960,159,TVIX,S,1/4/2019,62.9100 ,40,2516.400,0.050,2516.350,4.440,0.177%,0,G,1
78,UVXY,B,1/4/2019,(78.7900),10,-787.900,133,UVXY,S,1/4/2019,76.7300 ,10,767.300,0.020,767.280,-20.600,-2.615%,0,L,1
107,UVXY,B,1/4/2019,(75.4100),40,-3016.400,166,UVXY,S,1/4/2019,74.0400 ,40,2961.600,0.050,2961.550,-54.800,-1.817%,0,L,1
83,YUM,B,1/4/2019,(90.9299),20,-1818.598,135,YUM,S,1/4/2019,91.2700 ,20,1825.400,0.040,1825.360,6.802,0.374%,0,G,1
89,YUM,B,1/4/2019,(91.5699),20,-1831.398,137,YUM,S,1/4/2019,91.6005 ,20,1832.010,0.040,1831.970,0.612,0.033%,0,G,1
409,ADBE,B,1/7/2019,(231.0999),20,-4621.998,455,ADBE,S,1/7/2019,229.9801 ,20,4599.602,0.070,4599.532,-22.396,-0.485%,0,L,2
404,ATVI,B,1/7/2019,(48.6699),35,-1703.447,447,ATVI,S,1/7/2019,48.6900 ,35,1704.150,0.040,1704.110,0.703,0.041%,0,G,2
404,ATVI,B,1/7/2019,(48.6699),5,-243.350,448,ATVI,S,1/7/2019,48.6900 ,5,243.450,0.020,243.430,0.101,0.041%,0,G,2
395,AVGO,B,1/7/2019,(234.1299),20,-4682.598,435,AVGO,S,1/7/2019,234.2000 ,20,4684.000,0.080,4683.920,1.402,0.030%,0,G,2
426,AVGO,B,1/7/2019,(238.2999),19,-4527.698,528,AVGO,S,1/8/2019,239.9000 ,19,4558.100,0.070,4558.030,30.402,0.671%,1,G,2
426,AVGO,B,1/7/2019,(238.2999),1,-238.300,604,AVGO,S,1/8/2019,239.9000 ,1,239.900,0.020,239.880,1.600,0.671%,1,G,2
392,BAC,B,1/7/2019,(25.5799),45,-1151.096,444,BAC,S,1/7/2019,25.5300 ,45,1148.850,0.030,1148.820,-2.245,-0.195%,0,L,2
405,BAC,B,1/7/2019,(25.6199),40,-1024.796,452,BAC,S,1/7/2019,25.6400 ,40,1025.600,0.030,1025.570,0.804,0.078%,0,G,2
411,BND,B,1/7/2019,(79.3900),20,-1587.800,466,BND,S,1/7/2019,79.3500 ,20,1587.000,0.040,1586.960,-0.800,-0.050%,0,L,2
389,CME,B,1/7/2019,(183.9686),20,-3679.372,433,CME,S,1/7/2019,183.9900 ,20,3679.800,0.060,3679.740,0.428,0.012%,0,G,2
399,CME,B,1/7/2019,(184.0000),20,-3680.000,443,CME,S,1/7/2019,184.4100 ,20,3688.200,0.060,3688.140,8.200,0.223%,0,G,2
419,CME,B,1/7/2019,(184.0700),20,-3681.400,471,CME,S,1/7/2019,183.7815 ,20,3675.630,0.060,3675.570,-5.770,-0.157%,0,L,2
422,CME,B,1/7/2019,(184.2055),20,-3684.110,473,CME,S,1/7/2019,184.2300 ,20,3684.600,0.060,3684.540,0.490,0.013%,0,G,2
401,CRON,B,1/7/2019,(12.0483),20,-240.966,453,CRON,S,1/7/2019,12.1817 ,20,243.634,0.020,243.614,2.668,1.107%,0,G,2
393,GE,B,1/7/2019,(8.4500),100,-845.000,439,GE,S,1/7/2019,8.6150 ,100,861.500,0.030,861.470,16.500,1.953%,0,G,2
393,GE,B,1/7/2019,(8.4500),100,-845.000,440,GE,S,1/7/2019,8.6150 ,100,861.500,0.030,861.470,16.500,1.953%,0,G,2
417,GE,B,1/7/2019,(8.6800),200,-1736.000,470,GE,S,1/7/2019,8.6900 ,200,1738.000,0.050,1737.950,2.000,0.115%,0,G,2
402,GME,B,1/7/2019,(15.5999),40,-623.996,451,GME,S,1/7/2019,15.7200 ,40,628.800,0.020,628.780,4.804,0.770%,0,G,2
408,GME,B,1/7/2019,(15.7200),200,-3144.000,454,GME,S,1/7/2019,15.5500 ,200,3110.000,0.070,3109.930,-34.000,-1.081%,0,L,2
390,INTC,B,1/7/2019,(47.3499),30,-1420.497,436,INTC,S,1/7/2019,47.3700 ,30,1421.100,0.030,1421.070,0.603,0.042%,0,G,2
400,KR,B,1/7/2019,(27.8699),60,-1672.194,456,KR,S,1/7/2019,28.0500 ,60,1683.000,0.040,1682.960,10.806,0.646%,0,G,2
424,KR,B,1/7/2019,(28.0500),40,-1122.000,475,KR,S,1/7/2019,27.9710 ,40,1118.840,0.030,1118.810,-3.160,-0.282%,0,L,2
428,KR,B,1/7/2019,(27.9200),40,-1116.800,562,KR,S,1/8/2019,27.9500 ,40,1118.000,0.030,1117.970,1.200,0.107%,1,G,2
427,NBEV,B,1/7/2019,(5.4600),200,-1092.000,488,NBEV,S,1/8/2019,5.4800 ,200,1096.000,0.040,1095.960,4.000,0.366%,1,G,2
407,NSRGY,B,1/7/2019,(82.8300),20,-1656.600,462,NSRGY,S,1/7/2019,82.6100 ,20,1652.200,0.040,1652.160,-4.400,-0.266%,0,L,2
391,O,B,1/7/2019,(62.6400),20,-1252.800,434,O,S,1/7/2019,62.6900 ,20,1253.800,0.030,1253.770,1.000,0.080%,0,G,2
398,PEGI,B,1/7/2019,(19.6599),60,-1179.594,445,PEGI,S,1/7/2019,19.6800 ,60,1180.800,0.030,1180.770,1.206,0.102%,0,G,2
415,PEGI,B,1/7/2019,(19.8299),40,-793.196,467,PEGI,S,1/7/2019,19.8001 ,40,792.004,0.030,791.974,-1.192,-0.150%,0,L,2
397,PFE,B,1/7/2019,(43.2300),40,-1729.200,446,PFE,S,1/7/2019,43.4100 ,40,1736.400,0.040,1736.360,7.200,0.416%,0,G,2
394,PG,B,1/7/2019,(92.0996),20,-1841.992,442,PG,S,1/7/2019,92.1200 ,20,1842.400,0.040,1842.360,0.408,0.022%,0,G,2
423,PG,B,1/7/2019,(92.4899),20,-1849.798,474,PG,S,1/7/2019,92.3300 ,20,1846.600,0.040,1846.560,-3.198,-0.173%,0,L,2
387,SBUX,B,1/7/2019,(63.2499),20,-1264.998,437,SBUX,S,1/7/2019,63.6700 ,20,1273.400,0.030,1273.370,8.402,0.664%,0,G,2
416,SBUX,B,1/7/2019,(64.0499),20,-1280.998,461,SBUX,S,1/7/2019,63.8501 ,20,1277.002,0.030,1276.972,-3.996,-0.312%,0,L,2
403,SLV,B,1/7/2019,(14.7299),150,-2209.485,458,SLV,S,1/7/2019,14.6900 ,150,2203.500,0.050,2203.450,-5.985,-0.271%,0,L,2
403,SLV,B,1/7/2019,(14.7299),50,-736.495,459,SLV,S,1/7/2019,14.6901 ,50,734.505,0.020,734.485,-1.990,-0.270%,0,L,2
413,SPXU,B,1/7/2019,(43.5482),40,-1741.928,463,SPXU,S,1/7/2019,43.5800 ,40,1743.200,0.040,1743.160,1.272,0.073%,0,G,2
388,T,B,1/7/2019,(30.6800),40,-1227.200,450,T,S,1/7/2019,31.1000 ,40,1244.000,0.030,1243.970,16.800,1.369%,0,G,2
385,TVIX,B,1/7/2019,(61.5296),20,-1230.592,432,TVIX,S,1/7/2019,59.8819 ,20,1197.638,0.030,1197.608,-32.954,-2.678%,0,L,2
412,TVIX,B,1/7/2019,(58.2300),40,-2329.200,460,TVIX,S,1/7/2019,58.2500 ,40,2330.000,0.050,2329.950,0.800,0.034%,0,G,2
414,TVIX,B,1/7/2019,(58.3588),20,-1167.176,464,TVIX,S,1/7/2019,58.6000 ,20,1172.000,0.030,1171.970,4.824,0.413%,0,G,2
418,TVIX,B,1/7/2019,(58.5799),25,-1464.498,468,TVIX,S,1/7/2019,59.2082 ,25,1480.205,0.030,1480.175,15.708,1.073%,0,G,2
418,TVIX,B,1/7/2019,(58.5799),15,-878.699,469,TVIX,S,1/7/2019,59.2000 ,15,888.000,0.030,887.970,9.301,1.059%,0,G,2
420,TVIX,B,1/7/2019,(59.0099),12,-708.119,472,TVIX,S,1/7/2019,58.6246 ,12,703.495,0.020,703.475,-4.624,-0.653%,0,L,2
421,TVIX,B,1/7/2019,(59.0085),8,-472.068,472,TVIX,S,1/7/2019,58.6246 ,8,468.997,0.010,468.987,-3.071,-0.651%,0,L,2
410,VXX,B,1/7/2019,(42.6399),40,-1705.596,465,VXX,S,1/7/2019,42.8000 ,40,1712.000,0.040,1711.960,6.404,0.375%,0,G,2
425,VZ,B,1/7/2019,(56.8190),20,-1136.380,476,VZ,S,1/7/2019,56.8400 ,20,1136.800,0.030,1136.770,0.420,0.037%,0,G,2
386,YUM,B,1/7/2019,(91.5300),20,-1830.600,431,YUM,S,1/7/2019,91.5600 ,20,1831.200,0.040,1831.160,0.600,0.033%,0,G,2
396,YUM,B,1/7/2019,(91.9700),20,-1839.400,441,YUM,S,1/7/2019,91.9400 ,20,1838.800,0.040,1838.760,-0.600,-0.033%,0,L,2
406,YUM,B,1/7/2019,(91.9400),20,-1838.800,457,YUM,S,1/7/2019,91.7003 ,20,1834.006,0.040,1833.966,-4.794,-0.261%,0,L,2
606,ACB,B,1/8/2019,(5.0399),400,-2015.960,616,ACB,S,1/9/2019,5.2000 ,400,2080.000,0.080,2079.920,64.040,3.177%,1,G,2
560,ADBE,B,1/8/2019,(230.9600),20,-4619.200,581,ADBE,S,1/8/2019,231.1100 ,20,4622.200,0.040,4622.160,3.000,0.065%,0,G,2
499,ATVI,B,1/8/2019,(50.1999),100,-5019.990,596,ATVI,S,1/8/2019,49.7001 ,100,4970.010,0.040,4969.970,-49.980,-0.996%,0,L,2
566,ATVI,B,1/8/2019,(49.8190),20,-996.380,593,ATVI,S,1/8/2019,49.9000 ,20,998.000,0.040,997.960,1.620,0.163%,0,G,2
505,AVGO,B,1/8/2019,(236.0400),1,-236.040,609,AVGO,S,1/9/2019,238.9000 ,1,238.900,0.020,238.880,2.860,1.212%,1,G,2
505,AVGO,B,1/8/2019,(236.0400),19,-4484.760,610,AVGO,S,1/9/2019,238.9400 ,19,4539.860,0.070,4539.790,55.100,1.229%,1,G,2
574,BAC,B,1/8/2019,(25.2899),100,-2528.990,531,BAC,S,1/8/2019,25.4200 ,100,2542.000,0.040,2541.960,13.010,0.514%,0,G,2
587,BND,B,1/8/2019,(79.2898),20,-1585.796,630,BND,S,1/9/2019,79.3101 ,20,1586.200,0.040,1586.160,0.404,0.025%,1,G,2
477,CGC,B,1/8/2019,(28.4976),80,-2279.808,535,CGC,S,1/8/2019,28.9600 ,80,2316.800,0.040,2316.760,36.992,1.623%,0,G,2
478,ETSY,B,1/8/2019,(52.2159),20,-1044.318,553,ETSY,S,1/8/2019,52.2500 ,20,1045.000,0.040,1044.960,0.682,0.065%,0,G,2
582,ETSY,B,1/8/2019,(53.5940),39,-2090.166,565,ETSY,S,1/8/2019,53.6500 ,39,2092.350,0.040,2092.310,2.184,0.104%,0,G,2
582,ETSY,B,1/8/2019,(53.5940),1,-53.594,578,ETSY,S,1/8/2019,52.3600 ,1,52.360,0.040,52.320,-1.234,-2.302%,0,L,2
600,ETSY,B,1/8/2019,(53.5700),40,-2142.800,579,ETSY,S,1/8/2019,53.6200 ,40,2144.800,0.040,2144.760,2.000,0.093%,0,G,2
607,ETSY,B,1/8/2019,(52.3403),59,-3088.078,588,ETSY,S,1/8/2019,52.3600 ,59,3089.240,0.040,3089.200,1.162,0.038%,0,G,2
607,ETSY,B,1/8/2019,(52.3403),1,-52.340,589,ETSY,S,1/8/2019,53.6500 ,1,53.650,0.040,53.610,1.310,2.502%,0,G,2
495,GE,B,1/8/2019,(8.5700),400,-3428.000,615,GE,S,1/9/2019,8.5800 ,400,3432.000,0.100,3431.900,4.000,0.117%,1,G,2
519,GLD,B,1/8/2019,(121.4800),20,-2429.600,504,GLD,S,1/8/2019,121.5010 ,20,2430.020,0.040,2429.980,0.420,0.017%,0,G,2
537,GLD,B,1/8/2019,(121.4350),40,-4857.400,511,GLD,S,1/8/2019,121.5110 ,40,4860.440,0.040,4860.400,3.040,0.063%,0,G,2
542,GLD,B,1/8/2019,(121.4950),20,-2429.900,510,GLD,S,1/8/2019,121.4210 ,20,2428.420,0.040,2428.380,-1.480,-0.061%,0,L,2
549,GLD,B,1/8/2019,(121.3985),20,-2427.970,632,GLD,S,1/9/2019,121.9500 ,20,2439.000,0.050,2438.950,11.030,0.454%,1,G,2
545,GME,B,1/8/2019,(15.3600),100,-1536.000,503,GME,S,1/8/2019,15.2450 ,100,1524.500,0.040,1524.460,-11.500,-0.749%,0,L,2
545,GME,B,1/8/2019,(15.3600),97,-1489.920,509,GME,S,1/8/2019,15.2450 ,97,1478.765,0.040,1478.725,-11.155,-0.749%,0,L,2
545,GME,B,1/8/2019,(15.3600),3,-46.080,527,GME,S,1/8/2019,15.2400 ,3,45.720,0.040,45.680,-0.360,-0.781%,0,L,2
547,GME,B,1/8/2019,(15.3390),100,-1533.900,538,GME,S,1/8/2019,15.3500 ,100,1535.000,0.040,1534.960,1.100,0.072%,0,G,2
548,GME,B,1/8/2019,(15.3390),100,-1533.900,538,GME,S,1/8/2019,15.3500 ,100,1535.000,0.040,1534.960,1.100,0.072%,0,G,2
577,GME,B,1/8/2019,(15.3499),10,-153.499,538,GME,S,1/8/2019,15.3500 ,10,153.500,0.040,153.460,0.001,0.001%,0,G,2
585,GME,B,1/8/2019,(15.3500),190,-2916.500,538,GME,S,1/8/2019,15.3500 ,190,2916.500,0.040,2916.460,0.000,0.000%,0,L,2
586,INTC,B,1/8/2019,(47.0700),60,-2824.200,556,INTC,S,1/8/2019,47.0900 ,60,2825.400,0.040,2825.360,1.200,0.042%,0,G,2
605,KO,B,1/8/2019,(47.2299),80,-3778.392,552,KO,S,1/8/2019,47.2500 ,80,3780.000,0.040,3779.960,1.608,0.043%,0,G,2
594,KO,B,1/8/2019,(47.3400),40,-1893.600,524,KO,S,1/8/2019,47.3600 ,40,1894.400,0.040,1894.360,0.800,0.042%,0,G,2
592,KO,B,1/8/2019,(47.1599),20,-943.198,558,KO,S,1/8/2019,47.0900 ,20,941.800,0.040,941.760,-1.398,-0.148%,0,L,2
485,KR,B,1/8/2019,(28.2699),40,-1130.796,599,KR,S,1/8/2019,28.4600 ,40,1138.400,0.040,1138.360,7.604,0.672%,0,G,2
486,NBEV,B,1/8/2019,(5.4479),120,-653.748,496,NBEV,S,1/8/2019,5.4700 ,120,656.400,0.040,656.360,2.652,0.406%,0,G,2
494,NKE,B,1/8/2019,(76.9699),60,-4618.194,561,NKE,S,1/8/2019,76.6601 ,60,4599.606,0.040,4599.566,-18.588,-0.402%,0,L,2
520,PEGI,B,1/8/2019,(19.6100),200,-3922.000,479,PEGI,S,1/8/2019,19.8100 ,200,3962.000,0.040,3961.960,40.000,1.020%,0,G,2
525,PEGI,B,1/8/2019,(19.7599),200,-3951.980,571,PEGI,S,1/8/2019,19.5101 ,200,3902.020,0.040,3901.980,-49.960,-1.264%,0,L,2
570,PFE,B,1/8/2019,(43.4100),80,-3472.800,493,PFE,S,1/8/2019,43.4230 ,80,3473.840,0.040,3473.800,1.040,0.030%,0,G,2
480,PFE,B,1/8/2019,(43.4200),60,-2605.200,534,PFE,S,1/8/2019,43.4000 ,60,2604.000,0.040,2603.960,-1.200,-0.046%,0,L,2
583,PFE,B,1/8/2019,(43.3850),60,-2603.100,554,PFE,S,1/8/2019,43.4000 ,60,2604.000,0.040,2603.960,0.900,0.035%,0,G,2
492,PG,B,1/8/2019,(92.2599),1,-92.260,502,PG,S,1/8/2019,92.3200 ,1,92.320,0.040,92.280,0.060,0.065%,0,G,2
492,PG,B,1/8/2019,(92.2599),19,-1752.938,506,PG,S,1/8/2019,92.3200 ,19,1754.080,0.040,1754.040,1.142,0.065%,0,G,2
490,PG,B,1/8/2019,(92.7899),40,-3711.596,575,PG,S,1/8/2019,92.8200 ,40,3712.800,0.040,3712.760,1.204,0.032%,0,G,2
491,PG,B,1/8/2019,(92.7700),40,-3710.800,603,PG,S,1/8/2019,91.9001 ,40,3676.004,0.040,3675.964,-34.796,-0.938%,0,L,2
512,SBUX,B,1/8/2019,(63.3399),40,-2533.596,508,SBUX,S,1/8/2019,63.6000 ,40,2544.000,0.040,2543.960,10.404,0.411%,0,G,2
513,SDS,B,1/8/2019,(41.2499),1,-41.250,481,SDS,S,1/8/2019,41.2700 ,1,41.270,0.040,41.230,0.020,0.049%,0,G,2
513,SDS,B,1/8/2019,(41.2499),29,-1196.247,529,SDS,S,1/8/2019,41.2700 ,29,1196.830,0.040,1196.790,0.583,0.049%,0,G,2
514,SH,B,1/8/2019,(30.7499),40,-1229.996,484,SH,S,1/8/2019,30.7700 ,40,1230.800,0.040,1230.760,0.804,0.065%,0,G,2
515,SH,B,1/8/2019,(30.7299),80,-2458.392,489,SH,S,1/8/2019,30.7500 ,80,2460.000,0.040,2459.960,1.608,0.065%,0,G,2
516,SH,B,1/8/2019,(30.7300),80,-2458.400,497,SH,S,1/8/2019,30.6902 ,80,2455.216,0.040,2455.176,-3.184,-0.130%,0,L,2
567,T,B,1/8/2019,(31.1699),80,-2493.592,500,T,S,1/8/2019,31.1900 ,80,2495.200,0.040,2495.160,1.608,0.064%,0,G,2
568,T,B,1/8/2019,(31.2099),60,-1872.594,518,T,S,1/8/2019,31.3000 ,60,1878.000,0.040,1877.960,5.406,0.289%,0,G,2
498,TCEHY,B,1/8/2019,(40.9000),100,-4090.000,526,TCEHY,S,1/8/2019,40.6600 ,100,4066.000,0.040,4065.960,-24.000,-0.587%,0,L,2
501,TCEHY,B,1/8/2019,(40.7700),60,-2446.200,530,TCEHY,S,1/8/2019,40.8400 ,60,2450.400,0.040,2450.360,4.200,0.172%,0,G,2
533,TMUS,B,1/8/2019,(68.0900),40,-2723.600,536,TMUS,S,1/8/2019,68.1500 ,40,2726.000,0.040,2725.960,2.400,0.088%,0,G,2
543,TMUS,B,1/8/2019,(68.0600),20,-1361.200,539,TMUS,S,1/8/2019,67.5401 ,20,1350.802,0.040,1350.762,-10.398,-0.764%,0,L,2
557,TMUS,B,1/8/2019,(67.6699),40,-2706.796,540,TMUS,S,1/8/2019,67.9500 ,40,2718.000,0.040,2717.960,11.204,0.414%,0,G,2
483,TVIX,B,1/8/2019,(60.3599),20,-1207.198,550,TVIX,S,1/8/2019,59.8000 ,20,1196.000,0.040,1195.960,-11.198,-0.928%,0,L,2
563,TVIX,B,1/8/2019,(59.7500),20,-1195.000,551,TVIX,S,1/8/2019,58.6600 ,20,1173.200,0.040,1173.160,-21.800,-1.824%,0,L,2
482,VXX,B,1/8/2019,(43.0600),100,-4306.000,487,VXX,S,1/8/2019,42.9500 ,100,4295.000,0.040,4294.960,-11.000,-0.255%,0,L,2
541,VXX,B,1/8/2019,(43.1300),100,-4313.000,507,VXX,S,1/8/2019,43.1000 ,100,4310.000,0.040,4309.960,-3.000,-0.070%,0,L,2
546,VXX,B,1/8/2019,(43.1300),79,-3407.270,522,VXX,S,1/8/2019,43.1500 ,79,3408.850,0.040,3408.810,1.580,0.046%,0,G,2
546,VXX,B,1/8/2019,(43.1300),1,-43.130,580,VXX,S,1/8/2019,43.1500 ,1,43.150,0.040,43.110,0.020,0.046%,0,G,2
544,VXX,B,1/8/2019,(42.5800),100,-4258.000,523,VXX,S,1/8/2019,42.8801 ,100,4288.010,0.040,4287.970,30.010,0.705%,0,G,2
597,VXX,B,1/8/2019,(42.6500),100,-4265.000,532,VXX,S,1/8/2019,42.6700 ,100,4267.000,0.020,4266.980,2.000,0.047%,0,G,2
601,VXX,B,1/8/2019,(42.6500),100,-4265.000,532,VXX,S,1/8/2019,42.6700 ,100,4267.000,0.020,4266.980,2.000,0.047%,0,G,2
602,VXX,B,1/8/2019,(42.8800),100,-4288.000,555,VXX,S,1/8/2019,42.6000 ,100,4260.000,0.040,4259.960,-28.000,-0.653%,0,L,2
559,VZ,B,1/8/2019,(57.5699),100,-5756.990,564,VZ,S,1/8/2019,57.5000 ,100,5750.000,0.040,5749.960,-6.990,-0.121%,0,L,2
569,VZ,B,1/8/2019,(57.5600),20,-1151.200,572,VZ,S,1/8/2019,58.2001 ,20,1164.002,0.040,1163.962,12.802,1.112%,0,G,2
517,YUM,B,1/8/2019,(90.8090),20,-1816.180,573,YUM,S,1/8/2019,90.3801 ,20,1807.602,0.040,1807.562,-8.578,-0.472%,0,L,2
591,YUM,B,1/8/2019,(90.7398),10,-907.398,576,YUM,S,1/8/2019,90.6360 ,10,906.360,0.040,906.320,-1.038,-0.114%,0,L,2
591,YUM,B,1/8/2019,(90.7398),10,-907.398,584,YUM,S,1/8/2019,90.6000 ,10,906.000,0.040,905.960,-1.398,-0.154%,0,L,2
598,YUM,B,1/8/2019,(90.3499),20,-1806.998,590,YUM,S,1/8/2019,90.8300 ,20,1816.600,0.040,1816.560,9.602,0.531%,0,G,2
521,YUM,B,1/8/2019,(90.8699),40,-3634.796,595,YUM,S,1/8/2019,91.1700 ,40,3646.800,0.040,3646.760,12.004,0.330%,0,G,2
692,ACB,B,1/9/2019,(5.4500),10,-54.500,699,ACB,S,1/10/2019,5.4900 ,10,54.900,0.010,54.890,0.400,0.734%,1,G,2
693,ACB,B,1/9/2019,(5.4500),2,-10.900,699,ACB,S,1/10/2019,5.4900 ,2,10.980,0.010,10.970,0.080,0.734%,1,G,2
694,ACB,B,1/9/2019,(5.4500),100,-545.000,699,ACB,S,1/10/2019,5.4900 ,100,549.000,0.010,548.990,4.000,0.734%,1,G,2
695,ACB,B,1/9/2019,(5.4500),5,-27.250,699,ACB,S,1/10/2019,5.4900 ,5,27.450,0.010,27.440,0.200,0.734%,1,G,2
696,ACB,B,1/9/2019,(5.4500),2,-10.900,699,ACB,S,1/10/2019,5.4900 ,2,10.980,0.000,10.980,0.080,0.734%,1,G,2
697,ACB,B,1/9/2019,(5.4500),12,-65.400,699,ACB,S,1/10/2019,5.4900 ,12,65.880,0.000,65.880,0.480,0.734%,1,G,2
698,ACB,B,1/9/2019,(5.4500),69,-376.050,699,ACB,S,1/10/2019,5.4900 ,69,378.810,0.000,378.810,2.760,0.734%,1,G,2
646,ADBE,B,1/9/2019,(235.1899),10,-2351.899,649,ADBE,S,1/9/2019,235.7500 ,10,2357.500,0.050,2357.450,5.601,0.238%,0,G,2
677,ADBE,B,1/9/2019,(236.3699),10,-2363.699,680,ADBE,S,1/9/2019,234.9119 ,10,2349.119,0.050,2349.069,-14.580,-0.617%,0,L,2
608,ATVI,B,1/9/2019,(50.8099),40,-2032.396,633,ATVI,S,1/9/2019,50.9601 ,40,2038.404,0.040,2038.364,6.008,0.296%,0,G,2
675,ATVI,B,1/9/2019,(50.8999),50,-2544.995,681,ATVI,S,1/9/2019,50.6301 ,50,2531.505,0.050,2531.455,-13.490,-0.530%,0,L,2
666,BND,B,1/9/2019,(79.3099),20,-1586.198,686,BND,S,1/9/2019,79.3300 ,20,1586.600,0.040,1586.560,0.402,0.025%,0,G,2
688,CME,B,1/9/2019,(178.6000),20,-3572.000,717,CME,S,1/10/2019,178.6500 ,20,3573.000,0.060,3572.940,1.000,0.028%,1,G,2
651,ETSY,B,1/9/2019,(53.6362),20,-1072.724,656,ETSY,S,1/9/2019,53.7845 ,20,1075.690,0.030,1075.660,2.966,0.276%,0,G,2
691,GE,B,1/9/2019,(8.5699),200,-1713.980,698,GE,S,1/10/2019,8.4900 ,200,1698.000,0.050,1697.950,-15.980,-0.932%,1,L,2
643,GME,B,1/9/2019,(16.0000),100,-1600.000,647,GME,S,1/9/2019,15.9000 ,100,1590.000,0.040,1589.960,-10.000,-0.625%,0,L,2
667,GME,B,1/9/2019,(15.8599),100,-1585.990,674,GME,S,1/9/2019,15.9300 ,100,1593.000,0.040,1592.960,7.010,0.442%,0,G,2
657,IRM,B,1/9/2019,(34.2400),50,-1712.000,659,IRM,S,1/9/2019,34.2800 ,50,1714.000,0.040,1713.960,2.000,0.117%,0,G,2
611,KO,B,1/9/2019,(47.1900),40,-1887.600,623,KO,S,1/9/2019,46.8200 ,40,1872.800,0.040,1872.760,-14.800,-0.784%,0,L,2
689,KO,B,1/9/2019,(46.6000),20,-932.000,706,KO,S,1/10/2019,46.6000 ,20,932.000,0.050,931.950,0.000,0.000%,1,L,2
690,KO,B,1/9/2019,(46.6000),30,-1398.000,706,KO,S,1/10/2019,46.6000 ,30,1398.000,0.050,1397.950,0.000,0.000%,1,L,2
620,KR,B,1/9/2019,(28.3999),40,-1135.996,626,KR,S,1/9/2019,28.2101 ,40,1128.404,0.030,1128.374,-7.592,-0.668%,0,L,2
613,NFLX,B,1/9/2019,(316.3899),10,-3163.899,617,NFLX,S,1/9/2019,316.9000 ,10,3169.000,0.060,3168.940,5.101,0.161%,0,G,2
631,NFLX,B,1/9/2019,(316.8370),20,-6336.740,634,NFLX,S,1/9/2019,318.9500 ,20,6379.000,0.100,6378.900,42.260,0.667%,0,G,2
653,NFLX,B,1/9/2019,(320.0900),10,-3200.900,660,NFLX,S,1/9/2019,319.3710 ,10,3193.710,0.060,3193.650,-7.190,-0.225%,0,L,2
619,O,B,1/9/2019,(62.7300),20,-1254.600,628,O,S,1/9/2019,62.7500 ,20,1255.000,0.030,1254.970,0.400,0.032%,0,G,2
614,PEGI,B,1/9/2019,(19.6099),100,-1960.990,618,PEGI,S,1/9/2019,19.6700 ,100,1967.000,0.040,1966.960,6.010,0.306%,0,G,2
622,PFE,B,1/9/2019,(43.5700),40,-1742.800,635,PFE,S,1/9/2019,43.4700 ,40,1738.800,0.040,1738.760,-4.000,-0.230%,0,L,2
652,PFE,B,1/9/2019,(43.5650),50,-2178.250,658,PFE,S,1/9/2019,43.5350 ,50,2176.750,0.040,2176.710,-1.500,-0.069%,0,L,2
640,PG,B,1/9/2019,(92.0100),20,-1840.200,645,PG,S,1/9/2019,91.8601 ,20,1837.202,0.040,1837.162,-2.998,-0.163%,0,L,2
624,SBUX,B,1/9/2019,(63.3699),30,-1901.097,627,SBUX,S,1/9/2019,63.4800 ,30,1904.400,0.040,1904.360,3.303,0.174%,0,G,2
629,SBUX,B,1/9/2019,(63.5700),20,-1271.400,636,SBUX,S,1/9/2019,63.6000 ,20,1272.000,0.030,1271.970,0.600,0.047%,0,G,2
639,SBUX,B,1/9/2019,(63.5999),20,-1271.998,641,SBUX,S,1/9/2019,63.6500 ,20,1273.000,0.030,1272.970,1.002,0.079%,0,G,2
668,SDS,B,1/9/2019,(40.0899),20,-801.798,671,SDS,S,1/9/2019,39.9800 ,20,799.600,0.030,799.570,-2.198,-0.274%,0,L,2
678,SH,B,1/9/2019,(30.3498),50,-1517.490,685,SH,S,1/9/2019,30.3800 ,50,1519.000,0.030,1518.970,1.510,0.100%,0,G,2
612,T,B,1/9/2019,(30.4599),60,-1827.594,621,T,S,1/9/2019,30.3002 ,60,1818.012,0.040,1817.972,-9.582,-0.524%,0,L,2
642,T,B,1/9/2019,(30.2100),40,-1208.400,644,T,S,1/9/2019,30.2400 ,40,1209.600,0.030,1209.570,1.200,0.099%,0,G,2
676,T,B,1/9/2019,(30.1900),50,-1509.500,682,T,S,1/9/2019,30.1301 ,50,1506.505,0.030,1506.475,-2.995,-0.198%,0,L,2
670,TMUS,B,1/9/2019,(67.8099),20,-1356.198,673,TMUS,S,1/9/2019,67.8300 ,20,1356.600,0.030,1356.570,0.402,0.030%,0,G,2
661,TVIX,B,1/9/2019,(54.5899),40,-2183.596,663,TVIX,S,1/9/2019,54.9500 ,40,2198.000,0.040,2197.960,14.404,0.660%,0,G,2
683,TVIX,B,1/9/2019,(53.2299),20,-1064.598,684,TVIX,S,1/9/2019,53.7500 ,20,1075.000,0.030,1074.970,10.402,0.977%,0,G,2
637,VXX,B,1/9/2019,(41.3200),40,-1652.800,638,VXX,S,1/9/2019,41.3900 ,40,1655.600,0.040,1655.560,2.800,0.169%,0,G,2
655,VXX,B,1/9/2019,(41.0999),60,-2465.994,662,VXX,S,1/9/2019,41.3200 ,60,2479.200,0.050,2479.150,13.206,0.536%,0,G,2
664,VXX,B,1/9/2019,(41.1600),50,-2058.000,665,VXX,S,1/9/2019,40.8001 ,50,2040.005,0.040,2039.965,-17.995,-0.874%,0,L,2
679,VXX,B,1/9/2019,(40.7900),50,-2039.500,687,VXX,S,1/9/2019,41.0800 ,50,2054.000,0.040,2053.960,14.500,0.711%,0,G,2
650,VZ,B,1/9/2019,(57.0899),20,-1141.798,654,VZ,S,1/9/2019,57.1200 ,20,1142.400,0.030,1142.370,0.602,0.053%,0,G,2
669,VZ,B,1/9/2019,(57.1597),50,-2857.985,672,VZ,S,1/9/2019,57.1800 ,50,2859.000,0.050,2858.950,1.015,0.036%,0,G,2
625,YUM,B,1/9/2019,(91.3700),20,-1827.400,648,YUM,S,1/9/2019,91.4200 ,20,1828.400,0.040,1828.360,1.000,0.055%,0,G,2
710,ABT,B,1/10/2019,(68.7575),60,-4125.450,765,ABT,S,1/10/2019,69.1010 ,60,4146.060,0.070,4145.990,20.610,0.500%,0,G,2
799,ABT,B,1/10/2019,(69.1900),20,-1383.800,806,ABT,S,1/10/2019,69.2410 ,20,1384.820,0.030,1384.790,1.020,0.074%,0,G,2
816,ABT,B,1/10/2019,(69.0100),100,-6901.000,828,ABT,S,1/10/2019,69.3200 ,100,6932.000,0.110,6931.890,31.000,0.449%,0,G,2
831,ABT,B,1/10/2019,(69.2984),100,-6929.840,872,ABT,S,1/11/2019,68.8504 ,100,6885.040,0.100,6884.940,-44.800,-0.646%,1,L,2
735,ADBE,B,1/10/2019,(235.5403),10,-2355.403,753,ADBE,S,1/10/2019,235.6500 ,10,2356.500,0.050,2356.450,1.097,0.047%,0,G,2
721,ATVI,B,1/10/2019,(50.5100),20,-1010.200,727,ATVI,S,1/10/2019,50.5400 ,20,1010.800,0.030,1010.770,0.600,0.059%,0,G,2
738,ATVI,B,1/10/2019,(50.5490),20,-1010.980,739,ATVI,S,1/10/2019,50.6000 ,20,1012.000,0.030,1011.970,1.020,0.101%,0,G,2
772,ATVI,B,1/10/2019,(50.8100),20,-1016.200,774,ATVI,S,1/10/2019,50.8300 ,20,1016.600,0.030,1016.570,0.400,0.039%,0,G,2
752,BAC,B,1/10/2019,(25.6200),100,-2562.000,755,BAC,S,1/10/2019,25.6200 ,100,2562.000,0.050,2561.950,0.000,0.000%,0,L,2
809,BAC,B,1/10/2019,(25.6495),100,-2564.950,838,BAC,S,1/10/2019,25.7001 ,100,2570.010,0.050,2569.960,5.060,0.197%,0,G,2
746,BND,B,1/10/2019,(79.2799),20,-1585.598,759,BND,S,1/10/2019,79.2101 ,20,1584.202,0.040,1584.162,-1.396,-0.088%,0,L,2
781,BND,B,1/10/2019,(79.2399),50,-3961.995,793,BND,S,1/10/2019,79.1800 ,50,3959.000,0.070,3958.930,-2.995,-0.076%,0,L,2
784,CME,B,1/10/2019,(179.0286),10,-1790.286,790,CME,S,1/10/2019,178.7801 ,10,1787.801,0.040,1787.761,-2.485,-0.139%,0,L,2
835,CME,B,1/10/2019,(179.9000),15,-2698.500,877,CME,S,1/11/2019,179.3600 ,15,2690.400,0.050,2690.350,-8.100,-0.300%,1,L,2
771,CRON,B,1/10/2019,(13.0578),200,-2611.560,778,CRON,S,1/10/2019,12.8600 ,200,2572.000,0.060,2571.940,-39.560,-1.515%,0,L,2
808,CRON,B,1/10/2019,(13.0481),4,-52.192,813,CRON,S,1/10/2019,13.0800 ,4,52.320,0.020,52.300,0.128,0.244%,0,G,2
808,CRON,B,1/10/2019,(13.0481),95,-1239.570,814,CRON,S,1/10/2019,13.0800 ,95,1242.600,0.030,1242.570,3.030,0.244%,0,G,2
808,CRON,B,1/10/2019,(13.0481),101,-1317.858,815,CRON,S,1/10/2019,13.0800 ,101,1321.080,0.030,1321.050,3.222,0.244%,0,G,2
757,ETSY,B,1/10/2019,(51.3610),20,-1027.220,761,ETSY,S,1/10/2019,51.3800 ,20,1027.600,0.030,1027.570,0.380,0.037%,0,G,2
773,GE,B,1/10/2019,(8.8093),200,-1761.860,788,GE,S,1/10/2019,8.7700 ,200,1754.000,0.050,1753.950,-7.860,-0.446%,0,L,2
785,GLD,B,1/10/2019,(121.7998),15,-1826.997,827,GLD,S,1/10/2019,121.6600 ,15,1824.900,0.040,1824.860,-2.097,-0.115%,0,L,2
762,GME,B,1/10/2019,(15.9800),100,-1598.000,769,GME,S,1/10/2019,15.8500 ,100,1585.000,0.040,1584.960,-13.000,-0.814%,0,L,2
770,HASI,B,1/10/2019,(21.6799),40,-867.196,796,HASI,S,1/10/2019,21.7407 ,40,869.628,0.030,869.598,2.432,0.280%,0,G,2
811,HASI,B,1/10/2019,(21.6489),100,-2164.890,829,HASI,S,1/10/2019,21.5901 ,100,2159.010,0.040,2158.970,-5.880,-0.272%,0,L,2
704,INTC,B,1/10/2019,(47.6895),100,-4768.950,707,INTC,S,1/10/2019,47.7200 ,100,4772.000,0.080,4771.920,3.050,0.064%,0,G,2
742,INTC,B,1/10/2019,(48.0893),50,-2404.465,764,INTC,S,1/10/2019,48.1100 ,50,2405.500,0.050,2405.450,1.035,0.043%,0,G,2
715,KO,B,1/10/2019,(46.6795),50,-2333.975,723,KO,S,1/10/2019,46.7200 ,50,2336.000,0.050,2335.950,2.025,0.087%,0,G,2
767,KO,B,1/10/2019,(46.8298),100,-4682.980,779,KO,S,1/10/2019,46.7001 ,100,4670.010,0.080,4669.930,-12.970,-0.277%,0,L,2
832,KO,B,1/10/2019,(46.9699),50,-2348.495,836,KO,S,1/10/2019,47.0500 ,50,2352.500,0.050,2352.450,4.005,0.171%,0,G,2
689,KR,B,1/10/2019,(28.1700),80,-2253.600,741,KR,S,1/10/2019,28.2100 ,80,2256.800,0.040,2256.760,3.200,0.142%,0,G,2
743,KR,B,1/10/2019,(28.2599),100,-2825.990,750,KR,S,1/10/2019,28.2800 ,100,2828.000,0.050,2827.950,2.010,0.071%,0,G,2
775,KR,B,1/10/2019,(28.2400),100,-2824.000,777,KR,S,1/10/2019,28.2500 ,100,2825.000,0.050,2824.950,1.000,0.035%,0,G,2
800,KR,B,1/10/2019,(28.3499),100,-2834.990,801,KR,S,1/10/2019,28.4102 ,100,2841.020,0.050,2840.970,6.030,0.213%,0,G,2
819,KR,B,1/10/2019,(28.3296),100,-2832.960,826,KR,S,1/10/2019,28.3500 ,100,2835.000,0.050,2834.950,2.040,0.072%,0,G,2
708,MSFT,B,1/10/2019,(102.9700),20,-2059.400,748,MSFT,S,1/10/2019,103.0510 ,20,2061.020,0.040,2060.980,1.620,0.079%,0,G,2
734,NFLX,B,1/10/2019,(323.5700),10,-3235.700,740,NFLX,S,1/10/2019,323.6500 ,10,3236.500,0.060,3236.440,0.800,0.025%,0,G,2
820,NFLX,B,1/10/2019,(322.6999),10,-3226.999,821,NFLX,S,1/10/2019,322.8100 ,10,3228.100,0.060,3228.040,1.101,0.034%,0,G,2
712,NKE,B,1/10/2019,(76.4100),50,-3820.500,724,NKE,S,1/10/2019,77.0200 ,50,3851.000,0.070,3850.930,30.500,0.798%,0,G,2
756,NKE,B,1/10/2019,(76.8996),40,-3075.984,760,NKE,S,1/10/2019,76.9201 ,40,3076.804,0.050,3076.754,0.820,0.027%,0,G,2
795,O,B,1/10/2019,(63.5796),50,-3178.980,798,O,S,1/10/2019,63.6000 ,50,3180.000,0.060,3179.940,1.020,0.032%,0,G,2
730,PFE,B,1/10/2019,(42.4490),26,-1103.674,745,PFE,S,1/10/2019,42.3747 ,26,1101.742,0.020,1101.722,-1.932,-0.175%,0,L,2
731,PFE,B,1/10/2019,(42.4490),50,-2122.450,745,PFE,S,1/10/2019,42.3747 ,50,2118.735,0.030,2118.705,-3.715,-0.175%,0,L,2
732,PFE,B,1/10/2019,(42.4490),2,-84.898,745,PFE,S,1/10/2019,42.3747 ,2,84.749,0.010,84.739,-0.149,-0.175%,0,L,2
733,PFE,B,1/10/2019,(42.4490),22,-933.878,745,PFE,S,1/10/2019,42.3747 ,22,932.243,0.010,932.233,-1.635,-0.175%,0,L,2
833,PFE,B,1/10/2019,(42.1670),50,-2108.350,865,PFE,S,1/11/2019,42.2200 ,50,2111.000,0.040,2110.960,2.650,0.126%,1,G,2
703,PG,B,1/10/2019,(90.9000),50,-4545.000,714,PG,S,1/10/2019,90.9300 ,50,4546.500,0.070,4546.430,1.500,0.033%,0,G,2
817,PG,B,1/10/2019,(91.1900),27,-2462.130,822,PG,S,1/10/2019,91.2550 ,27,2463.885,0.050,2463.835,1.755,0.071%,0,G,2
817,PG,B,1/10/2019,(91.1900),23,-2097.370,823,PG,S,1/10/2019,91.2510 ,23,2098.773,0.040,2098.733,1.403,0.067%,0,G,2
834,PG,B,1/10/2019,(91.3699),20,-1827.398,868,PG,S,1/11/2019,91.2000 ,20,1824.000,0.040,1823.960,-3.398,-0.186%,1,L,2
711,SBUX,B,1/10/2019,(63.7799),60,-3826.794,716,SBUX,S,1/10/2019,64.0500 ,60,3843.000,0.060,3842.940,16.206,0.423%,0,G,2
726,SBUX,B,1/10/2019,(64.1099),1,-64.110,728,SBUX,S,1/10/2019,64.1700 ,1,64.170,0.020,64.150,0.060,0.094%,0,G,2
726,SBUX,B,1/10/2019,(64.1099),39,-2500.286,729,SBUX,S,1/10/2019,64.1700 ,39,2502.630,0.050,2502.580,2.344,0.094%,0,G,2
737,SBUX,B,1/10/2019,(64.1800),20,-1283.600,744,SBUX,S,1/10/2019,64.2000 ,20,1284.000,0.030,1283.970,0.400,0.031%,0,G,2
763,SBUX,B,1/10/2019,(64.3399),50,-3216.995,812,SBUX,S,1/10/2019,64.1200 ,50,3206.000,0.060,3205.940,-10.995,-0.342%,0,L,2
824,SBUX,B,1/10/2019,(64.2899),50,-3214.495,837,SBUX,S,1/10/2019,64.1900 ,50,3209.500,0.060,3209.440,-4.995,-0.155%,0,L,2
697,SH,B,1/10/2019,(30.5599),60,-1833.594,700,SH,S,1/10/2019,30.5800 ,60,1834.800,0.040,1834.760,1.206,0.066%,0,G,2
709,SLV,B,1/10/2019,(14.7000),200,-2940.000,749,SLV,S,1/10/2019,14.6750 ,200,2935.000,0.060,2934.940,-5.000,-0.170%,0,L,2
690,T,B,1/10/2019,(30.1200),60,-1807.200,705,T,S,1/10/2019,29.8500 ,60,1791.000,0.040,1790.960,-16.200,-0.896%,0,L,2
713,T,B,1/10/2019,(29.9599),8,-239.679,768,T,S,1/10/2019,30.1000 ,8,240.800,0.020,240.780,1.121,0.468%,0,G,2
722,TCEHY,B,1/10/2019,(42.0900),40,-1683.600,780,TCEHY,S,1/10/2019,42.2000 ,40,1688.000,0.040,1687.960,4.400,0.261%,0,G,2
825,TCEHY,B,1/10/2019,(42.5000),50,-2125.000,830,TCEHY,S,1/10/2019,42.5100 ,50,2125.500,0.040,2125.460,0.500,0.024%,0,G,2
688,TVIX,B,1/10/2019,(55.5365),60,-3332.190,691,TVIX,S,1/10/2019,55.5900 ,60,3335.400,0.060,3335.340,3.210,0.096%,0,G,2
694,TVIX,B,1/10/2019,(55.8790),100,-5587.900,695,TVIX,S,1/10/2019,55.9530 ,100,5595.300,0.090,5595.210,7.400,0.132%,0,G,2
718,TVIX,B,1/10/2019,(55.3400),15,-830.100,719,TVIX,S,1/10/2019,54.8500 ,15,822.750,0.030,822.720,-7.350,-0.885%,0,L,2
718,TVIX,B,1/10/2019,(55.3400),35,-1936.900,720,TVIX,S,1/10/2019,54.8500 ,35,1919.750,0.040,1919.710,-17.150,-0.885%,0,L,2
747,TVIX,B,1/10/2019,(54.5191),50,-2725.955,758,TVIX,S,1/10/2019,53.4701 ,50,2673.505,0.050,2673.455,-52.450,-1.924%,0,L,2
776,TVIX,B,1/10/2019,(54.8599),90,-4937.391,783,TVIX,S,1/10/2019,54.9200 ,90,4942.800,0.080,4942.720,5.409,0.110%,0,G,2
787,TVIX,B,1/10/2019,(54.7181),100,-5471.810,789,TVIX,S,1/10/2019,54.7500 ,100,5475.000,0.090,5474.910,3.190,0.058%,0,G,2
791,TVIX,B,1/10/2019,(54.8294),100,-5482.940,794,TVIX,S,1/10/2019,54.0259 ,100,5402.590,0.090,5402.500,-80.350,-1.465%,0,L,2
802,TVIX,B,1/10/2019,(53.8394),100,-5383.940,803,TVIX,S,1/10/2019,53.8600 ,100,5386.000,0.090,5385.910,2.060,0.038%,0,G,2
692,TZA,B,1/10/2019,(12.6450),100,-1264.500,696,TZA,S,1/10/2019,12.6350 ,100,1263.500,0.030,1263.470,-1.000,-0.079%,0,L,2
693,TZA,B,1/10/2019,(12.6450),100,-1264.500,696,TZA,S,1/10/2019,12.6350 ,100,1263.500,0.030,1263.470,-1.000,-0.079%,0,L,2
701,VXX,B,1/10/2019,(42.0799),100,-4207.990,702,VXX,S,1/10/2019,42.0800 ,100,4208.000,0.070,4207.930,0.010,0.000%,0,G,2
751,VXX,B,1/10/2019,(41.1300),100,-4113.000,754,VXX,S,1/10/2019,41.1700 ,100,4117.000,0.070,4116.930,4.000,0.097%,0,G,2
766,VXX,B,1/10/2019,(41.5293),100,-4152.930,782,VXX,S,1/10/2019,41.5500 ,100,4155.000,0.070,4154.930,2.070,0.050%,0,G,2
786,VXX,B,1/10/2019,(41.4998),100,-4149.980,792,VXX,S,1/10/2019,41.3000 ,100,4130.000,0.070,4129.930,-19.980,-0.481%,0,L,2
797,VXX,B,1/10/2019,(41.0794),100,-4107.940,804,VXX,S,1/10/2019,41.0900 ,100,4109.000,0.070,4108.930,1.060,0.026%,0,G,2
805,VXX,B,1/10/2019,(41.0600),100,-4106.000,807,VXX,S,1/10/2019,41.0800 ,100,4108.000,0.070,4107.930,2.000,0.049%,0,G,2
810,VXX,B,1/10/2019,(41.1795),100,-4117.950,818,VXX,S,1/10/2019,41.0705 ,100,4107.050,0.070,4106.980,-10.900,-0.265%,0,L,2
725,VZ,B,1/10/2019,(57.3900),20,-1147.800,736,VZ,S,1/10/2019,57.4100 ,20,1148.200,0.030,1148.170,0.400,0.035%,0,G,2
863,ABT,B,1/11/2019,(69.0285),100,-6902.850,912,ABT,S,1/14/2019,68.3166 ,100,6831.660,0.100,6831.560,-71.190,-1.031%,3,L,3
853,BAC,B,1/11/2019,(25.9800),100,-2598.000,883,BAC,S,1/11/2019,25.9000 ,100,2590.000,0.050,2589.950,-8.000,-0.308%,0,L,2
851,GLD,B,1/11/2019,(121.9750),10,-1219.750,880,GLD,S,1/11/2019,121.9402 ,10,1219.402,0.030,1219.372,-0.348,-0.029%,0,L,2
856,GME,B,1/11/2019,(15.9300),100,-1593.000,891,GME,S,1/11/2019,15.9500 ,100,1595.000,0.040,1594.960,2.000,0.126%,0,G,2
858,HASI,B,1/11/2019,(21.6999),20,-433.998,889,HASI,S,1/11/2019,21.6200 ,20,432.400,0.020,432.380,-1.598,-0.368%,0,L,2
842,KO,B,1/11/2019,(47.0500),100,-4705.000,874,KO,S,1/11/2019,47.1000 ,100,4710.000,0.080,4709.920,5.000,0.106%,0,G,2
845,NFLX,B,1/11/2019,(336.5700),10,-3365.700,873,NFLX,S,1/11/2019,339.9600 ,10,3399.600,0.050,3399.550,33.900,1.007%,0,G,2
847,NFLX,B,1/11/2019,(336.6900),10,-3366.900,873,NFLX,S,1/11/2019,339.9600 ,10,3399.600,0.050,3399.550,32.700,0.971%,0,G,2
852,NKE,B,1/11/2019,(76.5498),50,-3827.490,875,NKE,S,1/11/2019,76.5800 ,50,3829.000,0.060,3828.940,1.510,0.039%,0,G,2
843,PFE,B,1/11/2019,(42.3250),100,-4232.500,867,PFE,S,1/11/2019,42.3010 ,100,4230.100,0.070,4230.030,-2.400,-0.057%,0,L,2
860,PFE,B,1/11/2019,(42.4950),100,-4249.500,890,PFE,S,1/11/2019,42.5350 ,100,4253.500,0.070,4253.430,4.000,0.094%,0,G,2
862,PG,B,1/11/2019,(91.4498),15,-1371.747,892,PG,S,1/11/2019,91.3900 ,15,1370.850,0.030,1370.820,-0.897,-0.065%,0,L,2
839,SBUX,B,1/11/2019,(62.4900),20,-1249.800,866,SBUX,S,1/11/2019,62.6000 ,20,1252.000,0.030,1251.970,2.200,0.176%,0,G,2
844,SBUX,B,1/11/2019,(62.5199),15,-937.799,876,SBUX,S,1/11/2019,62.8400 ,15,942.600,0.030,942.570,4.802,0.512%,0,G,2
864,SDS,B,1/11/2019,(40.0299),100,-4002.990,893,SDS,S,1/11/2019,39.9000 ,100,3990.000,0.070,3989.930,-12.990,-0.325%,0,L,2
861,SLV,B,1/11/2019,(14.6600),100,-1466.000,970,SLV,S,1/14/2019,14.6701 ,100,1467.010,0.030,1466.980,1.010,0.069%,3,G,3
848,TCEHY,B,1/11/2019,(42.0100),24,-1008.240,879,TCEHY,S,1/11/2019,41.9700 ,24,1007.280,0.020,1007.260,-0.960,-0.095%,0,L,2
849,TCEHY,B,1/11/2019,(42.0100),46,-1932.460,879,TCEHY,S,1/11/2019,41.9700 ,46,1930.620,0.020,1930.600,-1.840,-0.095%,0,L,2
850,TCEHY,B,1/11/2019,(42.0400),20,-840.800,879,TCEHY,S,1/11/2019,41.9700 ,20,839.400,0.020,839.380,-1.400,-0.167%,0,L,2
857,TCEHY,B,1/11/2019,(42.0400),3,-126.120,885,TCEHY,S,1/11/2019,42.0600 ,3,126.180,0.020,126.160,0.060,0.048%,0,G,2
857,TCEHY,B,1/11/2019,(42.0400),50,-2102.000,886,TCEHY,S,1/11/2019,42.0600 ,50,2103.000,0.040,2102.960,1.000,0.048%,0,G,2
857,TCEHY,B,1/11/2019,(42.0400),2,-84.080,887,TCEHY,S,1/11/2019,42.0650 ,2,84.130,0.020,84.110,0.050,0.059%,0,G,2
857,TCEHY,B,1/11/2019,(42.0400),45,-1891.800,888,TCEHY,S,1/11/2019,42.0600 ,45,1892.700,0.040,1892.660,0.900,0.048%,0,G,2
846,TMUS,B,1/11/2019,(68.0299),15,-1020.449,878,TMUS,S,1/11/2019,68.8601 ,15,1032.902,0.030,1032.872,12.453,1.220%,0,G,2
840,VXX,B,1/11/2019,(41.2100),100,-4121.000,869,VXX,S,1/11/2019,40.4501 ,100,4045.010,0.070,4044.940,-75.990,-1.844%,0,L,2
854,VXX,B,1/11/2019,(39.5970),100,-3959.700,881,VXX,S,1/11/2019,39.7500 ,100,3975.000,0.070,3974.930,15.300,0.386%,0,G,2
855,VXX,B,1/11/2019,(39.6000),100,-3960.000,882,VXX,S,1/11/2019,39.7500 ,100,3975.000,0.070,3974.930,15.000,0.379%,0,G,2
859,VXX,B,1/11/2019,(39.8898),100,-3988.980,884,VXX,S,1/11/2019,39.7000 ,100,3970.000,0.070,3969.930,-18.980,-0.476%,0,L,2
841,YUM,B,1/11/2019,(89.0200),2,-178.040,870,YUM,S,1/11/2019,90.2000 ,2,180.400,0.020,180.380,2.360,1.326%,0,G,2
841,YUM,B,1/11/2019,(89.0200),18,-1602.360,871,YUM,S,1/11/2019,90.2000 ,18,1623.600,0.040,1623.560,21.240,1.326%,0,G,2
950,ABT,B,1/14/2019,(68.6800),20,-1373.600,968,ABT,S,1/14/2019,68.3050 ,20,1366.100,0.030,1366.070,-7.500,-0.546%,0,L,3
899,ATVI,B,1/14/2019,(46.7600),30,-1402.800,983,ATVI,S,1/14/2019,47.2500 ,30,1417.500,0.030,1417.470,14.700,1.048%,0,G,3
948,AVGO,B,1/14/2019,(250.9599),5,-1254.800,978,AVGO,S,1/14/2019,251.1000 ,5,1255.500,0.030,1255.470,0.700,0.056%,0,G,3
923,BAC,B,1/14/2019,(26.2300),30,-786.900,937,BAC,S,1/14/2019,26.2600 ,30,787.800,0.030,787.770,0.900,0.114%,0,G,3
956,CGC,B,1/14/2019,(39.0849),80,-3126.792,957,CGC,S,1/14/2019,39.1500 ,80,3132.000,0.060,3131.940,5.208,0.167%,0,G,3
974,CME,B,1/14/2019,(178.4000),10,-1784.000,980,CME,S,1/14/2019,178.5510 ,10,1785.510,0.040,1785.470,1.510,0.085%,0,G,3
989,CRON,B,1/14/2019,(13.7583),1,-13.758,992,CRON,S,1/15/2019,13.8900 ,1,13.890,0.020,13.870,0.132,0.957%,1,G,3
989,CRON,B,1/14/2019,(13.7583),299,-4113.732,993,CRON,S,1/15/2019,13.8900 ,299,4153.110,0.100,4153.010,39.378,0.957%,1,G,3
959,ETSY,B,1/14/2019,(52.3038),20,-1046.076,1003,ETSY,S,1/15/2019,53.3000 ,20,1066.000,0.030,1065.970,19.924,1.905%,1,G,3
955,FSLR,B,1/14/2019,(47.1193),50,-2355.965,963,FSLR,S,1/14/2019,47.0000 ,50,2350.000,0.050,2349.950,-5.965,-0.253%,0,L,3
952,GE,B,1/14/2019,(8.9298),200,-1785.960,987,GE,S,1/14/2019,8.8600 ,200,1772.000,0.050,1771.950,-13.960,-0.782%,0,L,3
966,GLD,B,1/14/2019,(122.1190),10,-1221.190,997,GLD,S,1/15/2019,122.2000 ,10,1222.000,0.030,1221.970,0.810,0.066%,1,G,3
953,INTC,B,1/14/2019,(48.6499),20,-972.998,969,INTC,S,1/14/2019,48.4204 ,20,968.408,0.030,968.378,-4.590,-0.472%,0,L,3
925,IRM,B,1/14/2019,(34.8500),40,-1394.000,933,IRM,S,1/14/2019,34.6404 ,40,1385.616,0.030,1385.586,-8.384,-0.601%,0,L,3
902,KO,B,1/14/2019,(47.2900),10,-472.900,929,KO,S,1/14/2019,47.2401 ,10,472.401,0.020,472.381,-0.499,-0.106%,0,L,3
918,KR,B,1/14/2019,(28.5299),100,-2852.990,951,KR,S,1/14/2019,28.3201 ,100,2832.010,0.050,2831.960,-20.980,-0.735%,0,L,3
895,MSFT,B,1/14/2019,(102.0099),10,-1020.099,926,MSFT,S,1/14/2019,102.0500 ,10,1020.500,0.030,1020.470,0.401,0.039%,0,G,3
931,MSFT,B,1/14/2019,(102.0164),25,-2550.410,935,MSFT,S,1/14/2019,102.0610 ,25,2551.525,0.050,2551.475,1.115,0.044%,0,G,3
945,MU,B,1/14/2019,(34.6299),15,-519.449,947,MU,S,1/14/2019,34.6700 ,15,520.050,0.020,520.030,0.602,0.116%,0,G,3
962,NBEV,B,1/14/2019,(7.0186),50,-350.930,973,NBEV,S,1/14/2019,7.2615 ,50,363.075,0.020,363.055,12.145,3.461%,0,G,3
901,NFLX,B,1/14/2019,(332.8400),15,-4992.600,914,NFLX,S,1/14/2019,332.9800 ,15,4994.700,0.080,4994.620,2.100,0.042%,0,G,3
920,NFLX,B,1/14/2019,(334.4800),20,-6689.600,960,NFLX,S,1/14/2019,334.9500 ,20,6699.000,0.100,6698.900,9.400,0.141%,0,G,3
982,NFLX,B,1/14/2019,(333.9300),10,-3339.300,988,NFLX,S,1/14/2019,332.9400 ,10,3329.400,0.060,3329.340,-9.900,-0.296%,0,L,3
917,NKE,B,1/14/2019,(76.5450),30,-2296.350,940,NKE,S,1/14/2019,76.5700 ,30,2297.100,0.040,2297.060,0.750,0.033%,0,G,3
932,PFE,B,1/14/2019,(42.3000),30,-1269.000,949,PFE,S,1/14/2019,42.3310 ,30,1269.930,0.030,1269.900,0.930,0.073%,0,G,3
964,PFE,B,1/14/2019,(42.3550),50,-2117.750,979,PFE,S,1/14/2019,42.3800 ,50,2119.000,0.040,2118.960,1.250,0.059%,0,G,3
906,PG,B,1/14/2019,(91.7198),20,-1834.396,927,PG,S,1/14/2019,91.5301 ,20,1830.602,0.040,1830.562,-3.794,-0.207%,0,L,3
976,PG,B,1/14/2019,(91.2599),15,-1368.899,977,PG,S,1/14/2019,91.2800 ,15,1369.200,0.030,1369.170,0.302,0.022%,0,G,3
913,SBUX,B,1/14/2019,(63.6700),50,-3183.500,938,SBUX,S,1/14/2019,63.7000 ,50,3185.000,0.060,3184.940,1.500,0.047%,0,G,3
943,SBUX,B,1/14/2019,(63.8000),100,-6380.000,985,SBUX,S,1/14/2019,63.4100 ,100,6341.000,0.100,6340.900,-39.000,-0.611%,0,L,3
897,SH,B,1/14/2019,(30.5499),150,-4582.485,907,SH,S,1/14/2019,30.4203 ,150,4563.045,0.080,4562.965,-19.440,-0.424%,0,L,3
972,SH,B,1/14/2019,(30.3400),100,-3034.000,994,SH,S,1/15/2019,30.3600 ,100,3036.000,0.050,3035.950,2.000,0.066%,1,G,3
921,T,B,1/14/2019,(30.6399),90,-2757.591,936,T,S,1/14/2019,30.4300 ,90,2738.700,0.050,2738.650,-18.891,-0.685%,0,L,3
919,TCEHY,B,1/14/2019,(41.6200),20,-832.400,922,TCEHY,S,1/14/2019,41.6500 ,20,833.000,0.030,832.970,0.600,0.072%,0,G,3
894,TVIX,B,1/14/2019,(51.7755),100,-5177.550,900,TVIX,S,1/14/2019,51.3100 ,100,5131.000,0.080,5130.920,-46.550,-0.899%,0,L,3
903,TVIX,B,1/14/2019,(51.3999),3,-154.200,909,TVIX,S,1/14/2019,50.8201 ,3,152.460,0.020,152.440,-1.739,-1.128%,0,L,3
910,TVIX,B,1/14/2019,(51.1700),100,-5117.000,916,TVIX,S,1/14/2019,50.9800 ,100,5098.000,0.080,5097.920,-19.000,-0.371%,0,L,3
990,TVIX,B,1/14/2019,(49.5500),100,-4955.000,1026,TVIX,S,1/15/2019,45.8606 ,100,4586.060,0.070,4585.990,-368.940,-7.446%,1,L,3
975,TZA,B,1/14/2019,(12.3550),200,-2471.000,981,TZA,S,1/14/2019,12.3800 ,200,2476.000,0.060,2475.940,5.000,0.202%,0,G,3
896,VXX,B,1/14/2019,(40.3400),120,-4840.800,905,VXX,S,1/14/2019,39.9500 ,120,4794.000,0.080,4793.920,-46.800,-0.967%,0,L,3
911,VXX,B,1/14/2019,(39.9799),40,-1599.196,915,VXX,S,1/14/2019,39.9900 ,40,1599.600,0.040,1599.560,0.404,0.025%,0,G,3
928,VXX,B,1/14/2019,(40.0000),50,-2000.000,930,VXX,S,1/14/2019,39.9302 ,50,1996.510,0.040,1996.470,-3.490,-0.175%,0,L,3
934,VXX,B,1/14/2019,(39.5800),10,-395.800,942,VXX,S,1/14/2019,39.5600 ,10,395.600,0.020,395.580,-0.200,-0.051%,0,L,3
939,VXX,B,1/14/2019,(39.5198),200,-7903.960,942,VXX,S,1/14/2019,39.5600 ,200,7912.000,0.110,7911.890,8.040,0.102%,0,G,3
944,VXX,B,1/14/2019,(39.6700),130,-5157.100,954,VXX,S,1/14/2019,39.1801 ,130,5093.413,0.090,5093.323,-63.687,-1.235%,0,L,3
961,VXX,B,1/14/2019,(39.1300),150,-5869.500,965,VXX,S,1/14/2019,39.0401 ,150,5856.015,0.100,5855.915,-13.485,-0.230%,0,L,3
967,VXX,B,1/14/2019,(39.2898),120,-4714.776,971,VXX,S,1/14/2019,38.9610 ,120,4675.320,0.080,4675.240,-39.456,-0.837%,0,L,3
984,VXX,B,1/14/2019,(39.3300),150,-5899.500,1012,VXX,S,1/15/2019,38.0900 ,150,5713.500,0.100,5713.400,-186.000,-3.153%,1,L,3
941,VZ,B,1/14/2019,(57.9100),20,-1158.200,946,VZ,S,1/14/2019,57.9500 ,20,1159.000,0.030,1158.970,0.800,0.069%,0,G,3
958,VZ,B,1/14/2019,(58.0800),30,-1742.400,986,VZ,S,1/14/2019,57.8801 ,30,1736.403,0.040,1736.363,-5.997,-0.344%,0,L,3
898,YUM,B,1/14/2019,(90.1300),15,-1351.950,904,YUM,S,1/14/2019,90.2500 ,15,1353.750,0.030,1353.720,1.800,0.133%,0,G,3
908,YUM,B,1/14/2019,(90.1499),20,-1802.998,924,YUM,S,1/14/2019,90.2000 ,20,1804.000,0.040,1803.960,1.002,0.056%,0,G,3
1032,ABT,B,1/15/2019,(69.7060),15,-1045.590,1061,ABT,S,1/15/2019,69.7300 ,15,1045.950,0.030,1045.920,0.360,0.034%,0,G,3
1002,AMAT,B,1/15/2019,(34.0599),50,-1702.995,1020,AMAT,S,1/15/2019,33.7500 ,50,1687.500,0.040,1687.460,-15.495,-0.910%,0,L,3
1063,AMAT,B,1/15/2019,(33.7098),40,-1348.392,1095,AMAT,S,1/16/2019,33.9510 ,40,1358.040,0.030,1358.010,9.648,0.716%,1,G,3
1015,ATVI,B,1/15/2019,(47.5800),50,-2379.000,1034,ATVI,S,1/15/2019,47.1500 ,50,2357.500,0.050,2357.450,-21.500,-0.904%,0,L,3
1057,ATVI,B,1/15/2019,(47.1999),20,-943.998,1066,ATVI,S,1/15/2019,46.9750 ,20,939.500,0.030,939.470,-4.498,-0.476%,0,L,3
1035,BAC,B,1/15/2019,(26.2800),40,-1051.200,1046,BAC,S,1/15/2019,26.7010 ,40,1068.040,0.030,1068.010,16.840,1.602%,0,G,3
1005,CGC,B,1/15/2019,(41.7652),20,-835.304,1009,CGC,S,1/15/2019,41.7800 ,20,835.600,0.030,835.570,0.296,0.035%,0,G,3
1011,CGC,B,1/15/2019,(42.2816),20,-845.632,1013,CGC,S,1/15/2019,43.2900 ,20,865.800,0.030,865.770,20.168,2.385%,0,G,3
1051,CGC,B,1/15/2019,(43.9229),3,-131.769,1055,CGC,S,1/15/2019,43.9635 ,3,131.890,0.020,131.870,0.121,0.092%,0,G,3
1051,CGC,B,1/15/2019,(43.9229),27,-1185.918,1056,CGC,S,1/15/2019,43.9400 ,27,1186.380,0.030,1186.350,0.462,0.039%,0,G,3
995,CRON,B,1/15/2019,(13.8765),5,-69.383,1037,CRON,S,1/15/2019,13.4000 ,5,67.000,0.020,66.980,-2.382,-3.434%,0,L,3
995,CRON,B,1/15/2019,(13.8765),5,-69.383,1038,CRON,S,1/15/2019,13.4000 ,5,67.000,0.020,66.980,-2.382,-3.434%,0,L,3
995,CRON,B,1/15/2019,(13.8765),90,-1248.885,1039,CRON,S,1/15/2019,13.4000 ,90,1206.000,0.030,1205.970,-42.885,-3.434%,0,L,3
1083,CRON,B,1/15/2019,(13.5583),100,-1355.830,1110,CRON,S,1/16/2019,13.3717 ,100,1337.170,0.030,1337.140,-18.660,-1.376%,1,L,3
1052,FSLR,B,1/15/2019,(46.8399),20,-936.798,1078,FSLR,S,1/15/2019,46.8600 ,20,937.200,0.030,937.170,0.402,0.043%,0,G,3
1058,GE,B,1/15/2019,(8.8300),50,-441.500,1094,GE,S,1/16/2019,8.8500 ,50,442.500,0.020,442.480,1.000,0.227%,1,G,3
1067,GME,B,1/15/2019,(15.4499),80,-1235.992,1070,GME,S,1/15/2019,15.4700 ,80,1237.600,0.030,1237.570,1.608,0.130%,0,G,3
1072,INTC,B,1/15/2019,(48.7700),20,-975.400,1093,INTC,S,1/16/2019,48.7900 ,20,975.800,0.030,975.770,0.400,0.041%,1,G,3
1045,IRM,B,1/15/2019,(35.0296),40,-1401.184,1114,IRM,S,1/17/2019,34.9500 ,40,1398.000,0.030,1397.970,-3.184,-0.227%,2,L,3
991,KO,B,1/15/2019,(46.9500),100,-4695.000,1047,KO,S,1/15/2019,47.5300 ,100,4753.000,0.080,4752.920,58.000,1.235%,0,G,3
1054,KO,B,1/15/2019,(47.4700),20,-949.400,1104,KO,S,1/16/2019,46.9800 ,20,939.600,0.030,939.570,-9.800,-1.032%,1,L,3
1006,KR,B,1/15/2019,(28.2999),20,-565.998,1092,KR,S,1/16/2019,28.3200 ,20,566.400,0.020,566.380,0.402,0.071%,1,G,3
1024,NBEV,B,1/15/2019,(7.2100),100,-721.000,1031,NBEV,S,1/15/2019,7.4900 ,100,749.000,0.020,748.980,28.000,3.883%,0,G,3
1019,O,B,1/15/2019,(64.3200),10,-643.200,1023,O,S,1/15/2019,64.3200 ,10,643.200,0.020,643.180,0.000,0.000%,0,L,3
1053,PEGI,B,1/15/2019,(19.6099),40,-784.396,1064,PEGI,S,1/15/2019,19.6300 ,40,785.200,0.030,785.170,0.804,0.102%,0,G,3
1029,PFE,B,1/15/2019,(43.0100),20,-860.200,1065,PFE,S,1/15/2019,42.6200 ,20,852.400,0.030,852.370,-7.800,-0.907%,0,L,3
1082,PFE,B,1/15/2019,(42.6650),40,-1706.600,1088,PFE,S,1/15/2019,42.6810 ,40,1707.240,0.040,1707.200,0.640,0.038%,0,G,3
996,PG,B,1/15/2019,(91.3200),20,-1826.400,1048,PG,S,1/15/2019,92.2901 ,20,1845.800,0.040,1845.760,19.400,1.062%,0,G,3
998,SBUX,B,1/15/2019,(64.0799),50,-3203.995,1010,SBUX,S,1/15/2019,64.1000 ,50,3205.000,0.060,3204.940,1.005,0.031%,0,G,3
1025,SBUX,B,1/15/2019,(64.1299),30,-1923.897,1077,SBUX,S,1/15/2019,64.1500 ,30,1924.500,0.040,1924.460,0.603,0.031%,0,G,3
1004,SDS,B,1/15/2019,(39.8399),20,-796.798,1007,SDS,S,1/15/2019,39.8600 ,20,797.200,0.030,797.170,0.402,0.050%,0,G,3
1036,SDS,B,1/15/2019,(39.7590),30,-1192.770,1041,SDS,S,1/15/2019,39.3902 ,30,1181.710,0.030,1181.680,-11.060,-0.927%,0,L,3
1049,SDS,B,1/15/2019,(39.5099),29,-1145.787,1059,SDS,S,1/15/2019,39.5300 ,29,1146.370,0.030,1146.340,0.583,0.051%,0,G,3
1049,SDS,B,1/15/2019,(39.5099),1,-39.510,1060,SDS,S,1/15/2019,39.5300 ,1,39.530,0.020,39.510,0.020,0.051%,0,G,3
1076,SDS,B,1/15/2019,(39.6290),50,-1981.450,1080,SDS,S,1/15/2019,39.7701 ,50,1988.510,0.040,1988.470,7.060,0.356%,0,G,3
1028,SH,B,1/15/2019,(30.1900),100,-3019.000,1040,SH,S,1/15/2019,30.0602 ,100,3006.020,0.050,3005.970,-12.980,-0.430%,0,L,3
1050,SH,B,1/15/2019,(30.1099),30,-903.297,1081,SH,S,1/15/2019,30.2000 ,30,906.000,0.030,905.970,2.703,0.299%,0,G,3
1017,SLV,B,1/15/2019,(14.6699),100,-1466.990,1119,SLV,S,1/17/2019,14.5101 ,100,1451.010,0.030,1450.980,-15.980,-1.089%,2,L,3
1016,T,B,1/15/2019,(30.3700),100,-3037.000,1022,T,S,1/15/2019,30.3900 ,100,3039.000,0.050,3038.950,2.000,0.066%,0,G,3
1068,T,B,1/15/2019,(30.4900),100,-3049.000,1089,T,S,1/15/2019,30.5100 ,100,3051.000,0.050,3050.950,2.000,0.066%,0,G,3
1018,TMUS,B,1/15/2019,(68.0799),30,-2042.397,1021,TMUS,S,1/15/2019,68.1000 ,30,2043.000,0.040,2042.960,0.603,0.030%,0,G,3
1042,TMUS,B,1/15/2019,(68.0199),25,-1700.498,1044,TMUS,S,1/15/2019,68.0400 ,25,1701.000,0.040,1700.960,0.502,0.030%,0,G,3
1071,TMUS,B,1/15/2019,(68.0599),20,-1361.198,1096,TMUS,S,1/16/2019,66.7801 ,20,1335.602,0.030,1335.572,-25.596,-1.880%,1,L,3
1073,TVIX,B,1/15/2019,(46.2694),1,-46.269,1074,TVIX,S,1/15/2019,46.2900 ,1,46.290,0.020,46.270,0.021,0.045%,0,G,3
1073,TVIX,B,1/15/2019,(46.2694),79,-3655.283,1075,TVIX,S,1/15/2019,46.2900 ,79,3656.910,0.060,3656.850,1.627,0.045%,0,G,3
1084,TVIX,B,1/15/2019,(47.2800),50,-2364.000,1085,TVIX,S,1/15/2019,46.1906 ,50,2309.530,0.050,2309.480,-54.470,-2.304%,0,L,3
1087,TVIX,B,1/15/2019,(46.6099),20,-932.198,1113,TVIX,S,1/17/2019,46.9500 ,20,939.000,0.020,938.980,6.802,0.730%,2,G,3
1001,TZA,B,1/15/2019,(12.4350),50,-621.750,1008,TZA,S,1/15/2019,12.4600 ,50,623.000,0.020,622.980,1.250,0.201%,0,G,3
1014,VXX,B,1/15/2019,(38.2400),50,-1912.000,1027,VXX,S,1/15/2019,37.8302 ,50,1891.510,0.040,1891.470,-20.490,-1.072%,0,L,3
1033,VXX,B,1/15/2019,(37.9500),30,-1138.500,1079,VXX,S,1/15/2019,38.3800 ,30,1151.400,0.030,1151.370,12.900,1.133%,0,G,3
1086,VXX,B,1/15/2019,(38.1199),20,-762.398,1117,VXX,S,1/17/2019,38.1408 ,20,762.816,0.010,762.806,0.418,0.055%,2,G,3
999,VZ,B,1/15/2019,(57.9499),30,-1738.497,1000,VZ,S,1/15/2019,57.9700 ,30,1739.100,0.040,1739.060,0.603,0.035%,0,G,3
1030,VZ,B,1/15/2019,(58.0199),20,-1160.398,1043,VZ,S,1/15/2019,58.0400 ,20,1160.800,0.030,1160.770,0.402,0.035%,0,G,3
1062,VZ,B,1/15/2019,(58.0799),20,-1161.598,1097,VZ,S,1/16/2019,57.1601 ,20,1143.202,0.030,1143.172,-18.396,-1.584%,1,L,3
1069,YUM,B,1/15/2019,(90.2950),50,-4514.750,1090,YUM,S,1/16/2019,90.3200 ,50,4516.000,0.070,4515.930,1.250,0.028%,1,G,3
1091,ABT,B,1/16/2019,(70.5300),20,-1410.600,1139,ABT,S,1/18/2019,71.6200 ,20,1432.400,0.030,1432.370,21.800,1.545%,2,G,3
1098,AMAT,B,1/16/2019,(34.1800),50,-1709.000,1127,AMAT,S,1/17/2019,34.4500 ,50,1722.500,0.040,1722.460,13.500,0.790%,1,G,3
1111,FSLR,B,1/16/2019,(47.8400),25,-1196.000,1128,FSLR,S,1/17/2019,48.2300 ,25,1205.750,0.030,1205.720,9.750,0.815%,1,G,3
1100,GE,B,1/16/2019,(8.9000),200,-1780.000,1124,GE,S,1/17/2019,9.0900 ,200,1818.000,0.050,1817.950,38.000,2.135%,1,G,3
1107,MU,B,1/16/2019,(33.8899),40,-1355.596,1135,MU,S,1/18/2019,35.9501 ,40,1438.004,0.030,1437.974,82.408,6.079%,2,G,3
 ,NBEV,B,1/16/2019,(6.7779),150,-1016.685,1137,NBEV,S,1/18/2019,6.4100 ,150,961.500,0.040,961.460,-55.185,-5.428%,2,L,3
1105,NFLX,B,1/16/2019,(351.8699),10,-3518.699,1167,NFLX,S,1/22/2019,325.8100 ,10,3258.100,0.050,3258.050,-260.599,-7.406%,6,L,4
1109,O,B,1/16/2019,(64.6200),10,-646.200,1138,O,S,1/18/2019,64.7400 ,10,647.400,0.010,647.390,1.200,0.186%,2,G,3
1099,PG,B,1/16/2019,(91.2199),20,-1824.398,1118,PG,S,1/17/2019,91.0800 ,20,1821.600,0.040,1821.560,-2.798,-0.153%,1,L,3
1103,SBUX,B,1/16/2019,(64.6798),50,-3233.990,1169,SBUX,S,1/22/2019,65.7000 ,50,3285.000,0.050,3284.950,51.010,1.577%,6,G,4
1106,SDS,B,1/16/2019,(39.1890),1,-39.189,1115,SDS,S,1/17/2019,39.2500 ,1,39.250,0.020,39.230,0.061,0.156%,1,G,3
1106,SDS,B,1/16/2019,(39.1890),19,-744.591,1116,SDS,S,1/17/2019,39.2500 ,19,745.750,0.020,745.730,1.159,0.156%,1,G,3
1101,TVIX,B,1/16/2019,(45.4291),20,-908.582,1113,TVIX,S,1/17/2019,46.9500 ,20,939.000,0.020,938.980,30.418,3.348%,1,G,3
1102,VXX,B,1/16/2019,(37.7799),20,-755.598,1117,VXX,S,1/17/2019,38.1408 ,20,762.816,0.020,762.796,7.218,0.955%,1,G,3
1123,ATVI,B,1/17/2019,(47.0599),20,-941.198,1136,ATVI,S,1/18/2019,48.9500 ,20,979.000,0.030,978.970,37.802,4.016%,1,G,3
1125,INTC,B,1/17/2019,(48.2300),25,-1205.750,1143,INTC,S,1/18/2019,49.2000 ,25,1230.000,0.030,1229.970,24.250,2.011%,1,G,3
1122,KO,B,1/17/2019,(47.0099),50,-2350.495,1141,KO,S,1/18/2019,47.6000 ,50,2380.000,0.050,2379.950,29.505,1.255%,1,G,3
1121,O,B,1/17/2019,(64.6800),10,-646.800,1138,O,S,1/18/2019,64.7400 ,10,647.400,0.020,647.380,0.600,0.093%,1,G,3
1112,SH,B,1/17/2019,(30.1350),50,-1506.750,1129,SH,S,1/18/2019,29.6300 ,50,1481.500,0.030,1481.470,-25.250,-1.676%,1,L,3
1120,T,B,1/17/2019,(30.5899),50,-1529.495,1140,T,S,1/18/2019,30.9300 ,50,1546.500,0.040,1546.460,17.005,1.112%,1,G,3
1126,YUM,B,1/17/2019,(90.7200),15,-1360.800,1142,YUM,S,1/18/2019,92.4500 ,15,1386.750,0.030,1386.720,25.950,1.907%,1,G,3
1133,BAC,B,1/18/2019,(28.7900),100,-2879.000,1163,BAC,S,1/22/2019,29.1301 ,100,2913.010,0.050,2912.960,34.010,1.181%,4,G,4
1144,CME,B,1/18/2019,(182.6221),5,-913.111,1164,CME,S,1/22/2019,185.4011 ,5,927.006,0.030,926.976,13.895,1.522%,4,G,4
1132,GE,B,1/18/2019,(9.0699),150,-1360.485,1231,GE,S,1/24/2019,8.8401 ,150,1326.015,0.040,1325.975,-34.470,-2.534%,6,L,4
1147,IRM,B,1/18/2019,(35.5299),50,-1776.495,1165,IRM,S,1/22/2019,35.5700 ,50,1778.500,0.040,1778.460,2.005,0.113%,4,G,4
1145,KO,B,1/18/2019,(47.4299),25,-1185.748,1166,KO,S,1/22/2019,47.6500 ,25,1191.250,0.030,1191.220,5.502,0.464%,4,G,4
1131,NFLX,B,1/18/2019,(347.7768),2,-695.554,1167,NFLX,S,1/22/2019,325.8100 ,2,651.620,0.020,651.600,-43.934,-6.316%,4,L,4
1148,O,B,1/18/2019,(64.6099),20,-1292.198,1168,O,S,1/22/2019,64.9000 ,20,1298.000,0.030,1297.970,5.802,0.449%,4,G,4
1146,PEGI,B,1/18/2019,(20.0799),50,-1003.995,1198,PEGI,S,1/23/2019,20.3300 ,50,1016.500,0.030,1016.470,12.505,1.246%,5,G,4
1134,SBUX,B,1/18/2019,(64.0899),10,-640.899,1169,SBUX,S,1/22/2019,65.7000 ,10,657.000,0.020,656.980,16.101,2.512%,4,G,4
1149,TMUS,B,1/18/2019,(67.3900),50,-3369.500,1186,TMUS,S,1/23/2019,66.9101 ,50,3345.505,0.060,3345.445,-23.995,-0.712%,5,L,4
1130,VZ,B,1/18/2019,(56.9200),20,-1138.400,1191,VZ,S,1/23/2019,57.7200 ,20,1154.400,0.030,1154.370,16.000,1.405%,5,G,4
1150,ABT,B,1/22/2019,(70.9272),20,-1418.544,1187,ABT,S,1/23/2019,69.7000 ,20,1394.000,0.030,1393.970,-24.544,-1.730%,1,L,4
1151,ATVI,B,1/22/2019,(47.5699),25,-1189.248,1174,ATVI,S,1/23/2019,46.6400 ,25,1166.000,0.030,1165.970,-23.247,-1.955%,1,L,4
1152,FSLR,B,1/22/2019,(46.6892),20,-933.784,1182,FSLR,S,1/23/2019,46.0400 ,20,920.800,0.030,920.770,-12.984,-1.390%,1,L,4
1153,INTC,B,1/22/2019,(48.5090),25,-1212.725,1176,INTC,S,1/23/2019,47.9010 ,25,1197.525,0.030,1197.495,-15.200,-1.253%,1,L,4
1154,KO,B,1/22/2019,(47.4899),20,-949.798,1199,KO,S,1/23/2019,48.0801 ,20,961.602,0.030,961.572,11.804,1.243%,1,G,4
1155,MSFT,B,1/22/2019,(106.9150),10,-1069.150,1185,MSFT,S,1/23/2019,105.8650 ,10,1058.650,0.030,1058.620,-10.500,-0.982%,1,L,4
1156,MU,B,1/22/2019,(34.2199),30,-1026.597,1178,MU,S,1/23/2019,33.8119 ,30,1014.357,0.030,1014.327,-12.240,-1.192%,1,L,4
1157,O,B,1/22/2019,(64.8495),20,-1296.990,1188,O,S,1/23/2019,64.4807 ,20,1289.614,0.030,1289.584,-7.376,-0.569%,1,L,4
1158,PFE,B,1/22/2019,(42.3799),20,-847.598,1177,PFE,S,1/23/2019,41.8900 ,20,837.800,0.030,837.770,-9.798,-1.156%,1,L,4
1159,PG,B,1/22/2019,(91.4599),10,-914.599,1171,PG,S,1/23/2019,95.9100 ,10,959.100,0.030,959.070,44.501,4.866%,1,G,4
1160,T,B,1/22/2019,(30.6500),40,-1226.000,1189,T,S,1/23/2019,30.7300 ,40,1229.200,0.030,1229.170,3.200,0.261%,1,G,4
1161,TCEHY,B,1/22/2019,(42.9000),30,-1287.000,1181,TCEHY,S,1/23/2019,42.2600 ,30,1267.800,0.030,1267.770,-19.200,-1.492%,1,L,4
1162,VXX,B,1/22/2019,(39.3699),30,-1181.097,1170,VXX,S,1/23/2019,39.6600 ,30,1189.800,0.030,1189.770,8.703,0.737%,1,G,4
1175,ACB,B,1/23/2019,(6.3077),150,-946.155,1225,ACB,S,1/24/2019,6.3600 ,150,954.000,0.040,953.960,7.845,0.829%,1,G,4
1175,ACB,B,1/23/2019,(6.3077),4,-25.231,1226,ACB,S,1/24/2019,6.3600 ,4,25.440,0.020,25.420,0.209,0.829%,1,G,4
1175,ACB,B,1/23/2019,(6.3077),46,-290.154,1227,ACB,S,1/24/2019,6.3600 ,46,292.560,0.020,292.540,2.406,0.829%,1,G,4
1172,AMAT,B,1/23/2019,(34.6599),50,-1732.995,1210,AMAT,S,1/24/2019,36.9500 ,50,1847.500,0.040,1847.460,114.505,6.607%,1,G,4
1179,GLD,B,1/23/2019,(121.4490),10,-1214.490,1222,GLD,S,1/24/2019,121.2000 ,10,1212.000,0.030,1211.970,-2.490,-0.205%,1,L,4
1196,INTC,B,1/23/2019,(47.7399),25,-1193.498,1212,INTC,S,1/24/2019,49.0850 ,25,1227.125,0.030,1227.095,33.628,2.818%,1,G,4
1184,KR,B,1/23/2019,(29.3593),50,-1467.965,1221,KR,S,1/24/2019,29.1001 ,50,1455.005,0.030,1454.975,-12.960,-0.883%,1,L,4
1197,MSFT,B,1/23/2019,(105.6499),12,-1267.799,1218,MSFT,S,1/24/2019,106.0350 ,12,1272.420,0.030,1272.390,4.621,0.365%,1,G,4
1192,MU,B,1/23/2019,(33.5899),50,-1679.495,1209,MU,S,1/24/2019,35.2000 ,50,1760.000,0.040,1759.960,80.505,4.793%,1,G,4
1173,NBEV,B,1/23/2019,(6.1579),5,-30.790,1201,NBEV,S,1/24/2019,6.5000 ,5,32.500,0.020,32.480,1.711,5.555%,1,G,4
1173,NBEV,B,1/23/2019,(6.1579),10,-61.579,1202,NBEV,S,1/24/2019,6.5000 ,10,65.000,0.020,64.980,3.421,5.555%,1,G,4
1173,NBEV,B,1/23/2019,(6.1579),1,-6.158,1203,NBEV,S,1/24/2019,6.5000 ,1,6.500,0.020,6.480,0.342,5.555%,1,G,4
1173,NBEV,B,1/23/2019,(6.1579),4,-24.632,1204,NBEV,S,1/24/2019,6.5000 ,4,26.000,0.020,25.980,1.368,5.555%,1,G,4
1173,NBEV,B,1/23/2019,(6.1579),10,-61.579,1205,NBEV,S,1/24/2019,6.5000 ,10,65.000,0.020,64.980,3.421,5.555%,1,G,4
1173,NBEV,B,1/23/2019,(6.1579),3,-18.474,1206,NBEV,S,1/24/2019,6.5000 ,3,19.500,0.020,19.480,1.026,5.555%,1,G,4
1173,NBEV,B,1/23/2019,(6.1579),5,-30.790,1207,NBEV,S,1/24/2019,6.5000 ,5,32.500,0.020,32.480,1.711,5.555%,1,G,4
1173,NBEV,B,1/23/2019,(6.1579),162,-997.580,1208,NBEV,S,1/24/2019,6.5000 ,162,1053.000,0.040,1052.960,55.420,5.555%,1,G,4
1194,NFLX,B,1/23/2019,(321.3999),10,-3213.999,1211,NFLX,S,1/24/2019,322.9400 ,10,3229.400,0.060,3229.340,15.401,0.479%,1,G,4
1180,SDS,B,1/23/2019,(38.8799),20,-777.598,1214,SDS,S,1/24/2019,38.6701 ,20,773.402,0.030,773.372,-4.196,-0.540%,1,L,4
1190,T,B,1/23/2019,(30.7896),50,-1539.480,1238,T,S,1/24/2019,30.3000 ,50,1515.000,0.030,1514.970,-24.480,-1.590%,1,L,4
1193,TCEHY,B,1/23/2019,(42.1400),25,-1053.500,1224,TCEHY,S,1/24/2019,42.7500 ,25,1068.750,0.030,1068.720,15.250,1.448%,1,G,4
1195,TMUS,B,1/23/2019,(66.8350),20,-1336.700,1216,TMUS,S,1/24/2019,67.9000 ,20,1358.000,0.030,1357.970,21.300,1.593%,1,G,4
1200,VXX,B,1/23/2019,(40.8400),30,-1225.200,1215,VXX,S,1/24/2019,40.3401 ,30,1210.203,0.030,1210.173,-14.997,-1.224%,1,L,4
1183,YUM,B,1/23/2019,(92.5100),15,-1387.650,1217,YUM,S,1/24/2019,92.7000 ,15,1390.500,0.030,1390.470,2.850,0.205%,1,G,4
1228,ABT,B,1/24/2019,(69.9775),20,-1399.550,1263,ABT,S,1/25/2019,71.6310 ,20,1432.620,0.030,1432.590,33.070,2.363%,1,G,4
1237,ADBE,B,1/24/2019,(242.0999),5,-1210.500,1268,ADBE,S,1/25/2019,245.1200 ,5,1225.600,0.030,1225.570,15.101,1.247%,1,G,4
1219,BAC,B,1/24/2019,(28.9550),50,-1447.750,1266,BAC,S,1/25/2019,29.3510 ,50,1467.550,0.030,1467.520,19.800,1.368%,1,G,4
1229,ETSY,B,1/24/2019,(54.1482),20,-1082.964,1261,ETSY,S,1/25/2019,55.1330 ,20,1102.660,0.030,1102.630,19.696,1.819%,1,G,4
1230,GWW,B,1/24/2019,(288.6600),5,-1443.300,1275,GWW,S,1/25/2019,289.8450 ,5,1449.225,0.030,1449.195,5.925,0.411%,1,G,4
1240,INTC,B,1/24/2019,(46.4800),25,-1162.000,1285,INTC,S,1/25/2019,46.4701 ,25,1161.753,0.030,1161.723,-0.247,-0.021%,1,L,4
1213,IRM,B,1/24/2019,(35.5099),40,-1420.396,1273,IRM,S,1/25/2019,35.9101 ,40,1436.404,0.030,1436.374,16.008,1.127%,1,G,4
1232,MSFT,B,1/24/2019,(106.2950),10,-1062.950,1267,MSFT,S,1/25/2019,107.5000 ,10,1075.000,0.030,1074.970,12.050,1.134%,1,G,4
1233,NFLX,B,1/24/2019,(328.9900),5,-1644.950,1262,NFLX,S,1/25/2019,333.9500 ,5,1669.750,0.040,1669.710,24.800,1.508%,1,G,4
1220,SBUX,B,1/24/2019,(65.8000),20,-1316.000,1264,SBUX,S,1/25/2019,67.1700 ,20,1343.400,0.030,1343.370,27.400,2.082%,1,G,4
1239,T,B,1/24/2019,(30.5199),40,-1220.796,1286,T,S,1/25/2019,30.9001 ,40,1236.004,0.030,1235.974,15.208,1.246%,1,G,4
1234,TVIX,B,1/24/2019,(48.3900),1,-48.390,1241,TVIX,S,1/25/2019,45.6600 ,1,45.660,0.020,45.640,-2.730,-5.642%,1,L,4
1234,TVIX,B,1/24/2019,(48.3900),19,-919.410,1242,TVIX,S,1/25/2019,45.6543 ,19,867.432,0.030,867.402,-51.978,-5.653%,1,L,4
1236,TZA,B,1/24/2019,(11.8270),100,-1182.700,1244,TZA,S,1/25/2019,11.4809 ,100,1148.090,0.030,1148.060,-34.610,-2.926%,1,L,4
1235,VXX,B,1/24/2019,(39.3000),40,-1572.000,1243,VXX,S,1/25/2019,38.0000 ,40,1520.000,0.030,1519.970,-52.000,-3.308%,1,L,4
1223,VZ,B,1/24/2019,(57.1196),25,-1427.990,1284,VZ,S,1/25/2019,57.0701 ,25,1426.753,0.030,1426.723,-1.238,-0.087%,1,L,4
1272,ABT,B,1/25/2019,(71.6145),20,-1432.290,1282,ABT,S,1/25/2019,71.6348 ,20,1432.696,0.030,1432.666,0.406,0.028%,0,G,4
1298,ABT,B,1/25/2019,(71.3399),20,-1426.798,1314,ABT,S,1/25/2019,71.0650 ,20,1421.300,0.030,1421.270,-5.498,-0.385%,0,L,4
1319,ABT,B,1/25/2019,(71.1554),20,-1423.108,1341,ABT,S,1/25/2019,71.1400 ,20,1422.800,0.030,1422.770,-0.308,-0.022%,0,L,4
1250,ACB,B,1/25/2019,(6.8677),3,-20.603,1255,ACB,S,1/25/2019,6.7500 ,3,20.250,0.020,20.230,-0.353,-1.714%,0,L,4
1250,ACB,B,1/25/2019,(6.8677),97,-666.167,1256,ACB,S,1/25/2019,6.7500 ,97,654.750,0.020,654.730,-11.417,-1.714%,0,L,4
1309,ACB,B,1/25/2019,(6.7574),100,-675.740,1311,ACB,S,1/25/2019,6.8126 ,100,681.260,0.020,681.240,5.520,0.817%,0,G,4
1248,AMAT,B,1/25/2019,(38.6400),20,-772.800,1253,AMAT,S,1/25/2019,38.7310 ,20,774.620,0.030,774.590,1.820,0.236%,0,G,4
1327,BAC,B,1/25/2019,(29.5199),40,-1180.796,1343,BAC,S,1/25/2019,29.5900 ,40,1183.600,0.030,1183.570,2.804,0.237%,0,G,4
1312,CME,B,1/25/2019,(186.7600),10,-1867.600,1349,CME,S,1/28/2019,185.1401 ,10,1851.401,0.040,1851.361,-16.199,-0.867%,3,L,5
1300,INTC,B,1/25/2019,(46.7400),40,-1869.600,1308,INTC,S,1/25/2019,47.2401 ,40,1889.604,0.040,1889.564,20.004,1.070%,0,G,4
1325,INTC,B,1/25/2019,(46.9800),20,-939.600,1329,INTC,S,1/25/2019,46.7301 ,20,934.602,0.030,934.572,-4.998,-0.532%,0,L,4
1333,INTC,B,1/25/2019,(46.6900),30,-1400.700,1337,INTC,S,1/25/2019,46.8200 ,30,1404.600,0.030,1404.570,3.900,0.278%,0,G,4
1296,IRM,B,1/25/2019,(35.9198),40,-1436.792,1334,IRM,S,1/25/2019,35.9700 ,40,1438.800,0.030,1438.770,2.008,0.140%,0,G,4
1271,KMX,B,1/25/2019,(60.0900),10,-600.900,1277,KMX,S,1/25/2019,60.3200 ,10,603.200,0.020,603.180,2.300,0.383%,0,G,4
1245,KO,B,1/25/2019,(47.9900),25,-1199.750,1270,KO,S,1/25/2019,47.5801 ,25,1189.503,0.030,1189.473,-10.247,-0.854%,0,L,4
1292,KO,B,1/25/2019,(47.4699),20,-949.398,1336,KO,S,1/25/2019,47.2900 ,20,945.800,0.020,945.780,-3.598,-0.379%,0,L,4
1305,KO,B,1/25/2019,(47.2900),10,-472.900,1336,KO,S,1/25/2019,47.2900 ,10,472.900,0.010,472.890,0.000,0.000%,0,L,4
1345,KO,B,1/25/2019,(47.4883),30,-1424.649,1357,KO,S,1/28/2019,47.1601 ,30,1414.803,0.030,1414.773,-9.846,-0.691%,3,L,5
1247,KR,B,1/25/2019,(28.9125),40,-1156.500,1259,KR,S,1/25/2019,28.3602 ,40,1134.408,0.030,1134.378,-22.092,-1.910%,0,L,4
1288,MSFT,B,1/25/2019,(107.4199),10,-1074.199,1289,MSFT,S,1/25/2019,107.4909 ,10,1074.909,0.030,1074.879,0.710,0.066%,0,G,4
1326,MSFT,B,1/25/2019,(106.9750),10,-1069.750,1342,MSFT,S,1/25/2019,107.0200 ,10,1070.200,0.030,1070.170,0.450,0.042%,0,G,4
1249,MU,B,1/25/2019,(38.2499),20,-764.998,1274,MU,S,1/25/2019,38.5700 ,20,771.400,0.030,771.370,6.402,0.837%,0,G,4
1246,NKE,B,1/25/2019,(81.1700),15,-1217.550,1280,NKE,S,1/25/2019,80.8101 ,15,1212.152,0.030,1212.122,-5.398,-0.443%,0,L,4
1301,NKE,B,1/25/2019,(80.8598),20,-1617.196,1324,NKE,S,1/25/2019,80.5103 ,20,1610.206,0.040,1610.166,-6.990,-0.432%,0,L,4
1330,NKE,B,1/25/2019,(80.6299),20,-1612.598,1365,NKE,S,1/28/2019,79.9500 ,20,1599.000,0.040,1598.960,-13.598,-0.843%,3,L,5
1252,PEGI,B,1/25/2019,(20.8800),40,-835.200,1276,PEGI,S,1/25/2019,21.0400 ,40,841.600,0.030,841.570,6.400,0.766%,0,G,4
1278,PEGI,B,1/25/2019,(21.0197),20,-420.394,1283,PEGI,S,1/25/2019,20.9301 ,20,418.602,0.020,418.582,-1.792,-0.426%,0,L,4
1294,PEGI,B,1/25/2019,(20.9199),40,-836.796,1299,PEGI,S,1/25/2019,20.8201 ,40,832.804,0.030,832.774,-3.992,-0.477%,0,L,4
1307,PEGI,B,1/25/2019,(20.8100),40,-832.400,1313,PEGI,S,1/25/2019,20.8802 ,40,835.208,0.030,835.178,2.808,0.337%,0,G,4
1251,PFE,B,1/25/2019,(40.9450),20,-818.900,1279,PFE,S,1/25/2019,41.0330 ,20,820.660,0.020,820.640,1.760,0.215%,0,G,4
1258,PFE,B,1/25/2019,(40.7750),10,-407.750,1279,PFE,S,1/25/2019,41.0330 ,10,410.330,0.010,410.320,2.580,0.633%,0,G,4
1306,PFE,B,1/25/2019,(40.7950),20,-815.900,1315,PFE,S,1/25/2019,40.7950 ,20,815.900,0.030,815.870,0.000,0.000%,0,L,4
1328,PFE,B,1/25/2019,(40.6950),20,-813.900,1331,PFE,S,1/25/2019,40.6450 ,20,812.900,0.030,812.870,-1.000,-0.123%,0,L,4
1344,PFE,B,1/25/2019,(40.5900),40,-1623.600,1356,PFE,S,1/28/2019,40.3450 ,40,1613.800,0.040,1613.760,-9.800,-0.604%,3,L,5
1317,PG,B,1/25/2019,(93.5000),1,-93.500,1338,PG,S,1/25/2019,93.2600 ,1,93.260,0.020,93.240,-0.240,-0.257%,0,L,4
1317,PG,B,1/25/2019,(93.5000),10,-935.000,1339,PG,S,1/25/2019,93.2000 ,10,932.000,0.030,931.970,-3.000,-0.321%,0,L,4
1317,PG,B,1/25/2019,(93.5000),9,-841.500,1340,PG,S,1/25/2019,93.1400 ,9,838.260,0.030,838.230,-3.240,-0.385%,0,L,4
1304,SBUX,B,1/25/2019,(66.4399),20,-1328.798,1335,SBUX,S,1/25/2019,66.9200 ,20,1338.400,0.030,1338.370,9.602,0.723%,0,G,4
1302,SDS,B,1/25/2019,(37.8480),20,-756.960,1303,SDS,S,1/25/2019,37.9301 ,20,758.602,0.020,758.582,1.642,0.217%,0,G,4
1321,SDS,B,1/25/2019,(37.8498),20,-756.996,1323,SDS,S,1/25/2019,37.9000 ,20,758.000,0.020,757.980,1.004,0.133%,0,G,4
1291,SH,B,1/25/2019,(29.4499),40,-1177.996,1293,SH,S,1/25/2019,29.4402 ,40,1177.608,0.030,1177.578,-0.388,-0.033%,0,L,4
1332,T,B,1/25/2019,(30.7800),40,-1231.200,1355,T,S,1/28/2019,30.4901 ,40,1219.604,0.030,1219.574,-11.596,-0.942%,3,L,5
1260,TMUS,B,1/25/2019,(68.7499),20,-1374.998,1281,TMUS,S,1/25/2019,68.8901 ,20,1377.802,0.030,1377.772,2.804,0.204%,0,G,4
1287,TMUS,B,1/25/2019,(68.8100),20,-1376.200,1290,TMUS,S,1/25/2019,68.9001 ,20,1378.002,0.030,1377.972,1.802,0.131%,0,G,4
1295,TMUS,B,1/25/2019,(68.8100),20,-1376.200,1316,TMUS,S,1/25/2019,68.5201 ,20,1370.402,0.030,1370.372,-5.798,-0.421%,0,L,4
1254,TVIX,B,1/25/2019,(45.6394),20,-912.788,1257,TVIX,S,1/25/2019,44.8709 ,20,897.418,0.030,897.388,-15.370,-1.684%,0,L,4
1320,TVIX,B,1/25/2019,(44.5099),20,-890.198,1322,TVIX,S,1/25/2019,44.6409 ,20,892.818,0.030,892.788,2.620,0.294%,0,G,4
1265,VXX,B,1/25/2019,(37.6100),20,-752.200,1269,VXX,S,1/25/2019,37.6800 ,20,753.600,0.020,753.580,1.400,0.186%,0,G,4
1297,VZ,B,1/25/2019,(56.9898),20,-1139.796,1310,VZ,S,1/25/2019,56.8201 ,20,1136.402,0.030,1136.372,-3.394,-0.298%,0,L,4
1318,YUM,B,1/25/2019,(92.8500),20,-1857.000,1354,YUM,S,1/28/2019,91.8407 ,20,1836.814,0.040,1836.774,-20.186,-1.087%,3,L,5
1350,ABT,B,1/28/2019,(70.3355),20,-1406.710,1366,ABT,S,1/28/2019,69.7625 ,20,1395.250,0.030,1395.220,-11.460,-0.815%,0,L,5
1364,AVGO,B,1/28/2019,(261.5000),10,-2615.000,1379,AVGO,S,1/28/2019,266.3001 ,10,2663.001,0.050,2662.951,48.001,1.836%,0,G,5
1413,AVGO,B,1/28/2019,(266.0799),20,-5321.598,1417,AVGO,S,1/28/2019,266.4600 ,20,5329.200,0.080,5329.120,7.602,0.143%,0,G,5
1375,BAC,B,1/28/2019,(29.5899),50,-1479.495,1395,BAC,S,1/28/2019,29.4901 ,50,1474.505,0.030,1474.475,-4.990,-0.337%,0,L,5
1420,BAC,B,1/28/2019,(29.6099),20,-592.198,1447,BAC,S,1/28/2019,29.6000 ,20,592.000,0.010,591.990,-0.198,-0.033%,0,L,5
1428,BAC,B,1/28/2019,(29.5799),5,-147.900,1447,BAC,S,1/28/2019,29.6000 ,5,148.000,0.010,147.990,0.101,0.068%,0,G,5
1428,BAC,B,1/28/2019,(29.5799),1,-29.580,1449,BAC,S,1/28/2019,29.6000 ,1,29.600,0.020,29.580,0.020,0.068%,0,G,5
1428,BAC,B,1/28/2019,(29.5799),5,-147.900,1455,BAC,S,1/28/2019,29.6000 ,5,148.000,0.020,147.980,0.101,0.068%,0,G,5
1428,BAC,B,1/28/2019,(29.5799),1,-29.580,1456,BAC,S,1/28/2019,29.6000 ,1,29.600,0.020,29.580,0.020,0.068%,0,G,5
1428,BAC,B,1/28/2019,(29.5799),1,-29.580,1457,BAC,S,1/28/2019,29.6000 ,1,29.600,0.020,29.580,0.020,0.068%,0,G,5
1428,BAC,B,1/28/2019,(29.5799),2,-59.160,1458,BAC,S,1/28/2019,29.6000 ,2,59.200,0.020,59.180,0.040,0.068%,0,G,5
1428,BAC,B,1/28/2019,(29.5799),1,-29.580,1459,BAC,S,1/28/2019,29.6000 ,1,29.600,0.020,29.580,0.020,0.068%,0,G,5
1428,BAC,B,1/28/2019,(29.5799),2,-59.160,1460,BAC,S,1/28/2019,29.6000 ,2,59.200,0.020,59.180,0.040,0.068%,0,G,5
1428,BAC,B,1/28/2019,(29.5799),2,-59.160,1461,BAC,S,1/29/2019,29.6300 ,2,59.260,0.020,59.240,0.100,0.169%,1,G,5
1363,CRM,B,1/28/2019,(147.0899),20,-2941.798,1390,CRM,S,1/28/2019,147.8700 ,20,2957.400,0.050,2957.350,15.602,0.530%,0,G,5
1429,CRM,B,1/28/2019,(147.4118),7,-1031.883,1450,CRM,S,1/28/2019,147.3300 ,7,1031.310,0.030,1031.280,-0.573,-0.055%,0,L,5
1429,CRM,B,1/28/2019,(147.4118),3,-442.235,1454,CRM,S,1/28/2019,147.3300 ,3,441.990,0.020,441.970,-0.245,-0.055%,0,L,5
1358,FSLR,B,1/28/2019,(49.5685),20,-991.370,1369,FSLR,S,1/28/2019,49.6015 ,20,992.030,0.030,992.000,0.660,0.067%,0,G,5
1426,GE,B,1/28/2019,(8.8799),100,-887.990,1436,GE,S,1/28/2019,8.9350 ,100,893.500,0.030,893.470,5.510,0.621%,0,G,5
1359,GLD,B,1/28/2019,(122.8000),15,-1842.000,1381,GLD,S,1/28/2019,123.1150 ,15,1846.725,0.040,1846.685,4.725,0.257%,0,G,5
1389,GME,B,1/28/2019,(15.6578),50,-782.890,1396,GME,S,1/28/2019,15.4601 ,50,773.005,0.030,772.975,-9.885,-1.263%,0,L,5
1432,GME,B,1/28/2019,(15.4599),100,-1545.990,1437,GME,S,1/28/2019,15.5201 ,100,1552.010,0.040,1551.970,6.020,0.389%,0,G,5
1418,GWW,B,1/28/2019,(290.8600),1,-290.860,1434,GWW,S,1/28/2019,288.8040 ,1,288.804,0.010,288.794,-2.056,-0.707%,0,L,5
1419,GWW,B,1/28/2019,(290.9256),9,-2618.330,1434,GWW,S,1/28/2019,288.8040 ,9,2599.236,0.040,2599.196,-19.094,-0.729%,0,L,5
1362,INTC,B,1/28/2019,(46.3499),40,-1853.996,1387,INTC,S,1/28/2019,46.3600 ,40,1854.400,0.040,1854.360,0.404,0.022%,0,G,5
1377,IRM,B,1/28/2019,(35.9099),30,-1077.297,1384,IRM,S,1/28/2019,35.9901 ,30,1079.703,0.030,1079.673,2.406,0.223%,0,G,5
1403,IRM,B,1/28/2019,(35.9498),40,-1437.992,1407,IRM,S,1/28/2019,36.1101 ,40,1444.404,0.030,1444.374,6.412,0.446%,0,G,5
1441,IRM,B,1/28/2019,(36.1990),1,-36.199,1448,IRM,S,1/28/2019,36.2400 ,1,36.240,0.020,36.220,0.041,0.113%,0,G,5
1441,IRM,B,1/28/2019,(36.1990),29,-1049.771,1462,IRM,S,1/29/2019,36.2400 ,29,1050.960,0.030,1050.930,1.189,0.113%,1,G,5
1370,KO,B,1/28/2019,(47.0500),30,-1411.500,1373,KO,S,1/28/2019,47.0001 ,30,1410.003,0.030,1409.973,-1.497,-0.106%,0,L,5
1376,KO,B,1/28/2019,(47.0999),20,-941.998,1392,KO,S,1/28/2019,47.1900 ,20,943.800,0.030,943.770,1.802,0.191%,0,G,5
1409,KO,B,1/28/2019,(47.0900),20,-941.800,1410,KO,S,1/28/2019,47.0602 ,20,941.204,0.030,941.174,-0.596,-0.063%,0,L,5
1435,KO,B,1/28/2019,(47.1200),20,-942.400,1453,KO,S,1/28/2019,47.1700 ,20,943.400,0.030,943.370,1.000,0.106%,0,G,5
1386,MU,B,1/28/2019,(38.8600),20,-777.200,1393,MU,S,1/28/2019,38.2301 ,20,764.602,0.020,764.582,-12.598,-1.621%,0,L,5
1383,NFLX,B,1/28/2019,(333.7000),20,-6674.000,1391,NFLX,S,1/28/2019,335.1301 ,20,6702.602,0.100,6702.502,28.602,0.429%,0,G,5
1423,NFLX,B,1/28/2019,(332.8100),10,-3328.100,1442,NFLX,S,1/28/2019,334.3710 ,10,3343.710,0.060,3343.650,15.610,0.469%,0,G,5
1443,NFLX,B,1/28/2019,(334.8790),5,-1674.395,1445,NFLX,S,1/28/2019,335.1500 ,5,1675.750,0.040,1675.710,1.355,0.081%,0,G,5
1371,NKE,B,1/28/2019,(80.1400),20,-1602.800,1394,NKE,S,1/28/2019,80.0800 ,20,1601.600,0.040,1601.560,-1.200,-0.075%,0,L,5
1401,NKE,B,1/28/2019,(80.1200),20,-1602.400,1405,NKE,S,1/28/2019,79.9701 ,20,1599.402,0.040,1599.362,-2.998,-0.187%,0,L,5
1427,NKE,B,1/28/2019,(80.2400),20,-1604.800,1446,NKE,S,1/28/2019,80.3200 ,20,1606.400,0.040,1606.360,1.600,0.100%,0,G,5
1361,PG,B,1/28/2019,(93.5696),20,-1871.392,1374,PG,S,1/28/2019,93.1501 ,20,1863.002,0.040,1862.962,-8.390,-0.448%,0,L,5
1400,PG,B,1/28/2019,(93.5699),20,-1871.398,1406,PG,S,1/28/2019,93.3901 ,20,1867.802,0.040,1867.762,-3.596,-0.192%,0,L,5
1433,PG,B,1/28/2019,(93.4898),1,-93.490,1451,PG,S,1/28/2019,93.5200 ,1,93.520,0.020,93.500,0.030,0.032%,0,G,5
1433,PG,B,1/28/2019,(93.4898),19,-1776.306,1452,PG,S,1/28/2019,93.5200 ,19,1776.880,0.040,1776.840,0.574,0.032%,0,G,5
1367,SBUX,B,1/28/2019,(66.3150),20,-1326.300,1397,SBUX,S,1/28/2019,66.0101 ,20,1320.202,0.030,1320.172,-6.098,-0.460%,0,L,5
1440,SBUX,B,1/28/2019,(66.7999),10,-667.999,1479,SBUX,S,1/29/2019,66.9000 ,10,669.000,0.020,668.980,1.001,0.150%,1,G,5
1440,SBUX,B,1/28/2019,(66.7999),1,-66.800,1480,SBUX,S,1/29/2019,66.9000 ,1,66.900,0.020,66.880,0.100,0.150%,1,G,5
1440,SBUX,B,1/28/2019,(66.7999),9,-601.199,1481,SBUX,S,1/29/2019,66.9010 ,9,602.109,0.020,602.089,0.910,0.151%,1,G,5
1348,SH,B,1/28/2019,(29.7199),50,-1485.995,1353,SH,S,1/28/2019,29.7901 ,50,1489.505,0.030,1489.475,3.510,0.236%,0,G,5
1398,SH,B,1/28/2019,(29.9200),20,-598.400,1399,SH,S,1/28/2019,29.8908 ,20,597.816,0.020,597.796,-0.584,-0.098%,0,L,5
1360,SLV,B,1/28/2019,(14.6800),100,-1468.000,1382,SLV,S,1/28/2019,14.7301 ,100,1473.010,0.030,1472.980,5.010,0.341%,0,G,5
1378,T,B,1/28/2019,(30.5500),40,-1222.000,1388,T,S,1/28/2019,30.5301 ,40,1221.204,0.030,1221.174,-0.796,-0.065%,0,L,5
1402,T,B,1/28/2019,(30.4790),40,-1219.160,1404,T,S,1/28/2019,30.4501 ,40,1218.004,0.030,1217.974,-1.156,-0.095%,0,L,5
1421,T,B,1/28/2019,(30.5585),20,-611.170,1444,T,S,1/28/2019,30.5800 ,20,611.600,0.010,611.590,0.430,0.070%,0,G,5
1430,T,B,1/28/2019,(30.6299),20,-612.598,1444,T,S,1/28/2019,30.5800 ,20,611.600,0.020,611.580,-0.998,-0.163%,0,L,5
1380,TCEHY,B,1/28/2019,(43.1400),30,-1294.200,1385,TCEHY,S,1/28/2019,43.0500 ,30,1291.500,0.030,1291.470,-2.700,-0.209%,0,L,5
1422,TCEHY,B,1/28/2019,(43.3900),20,-867.800,1466,TCEHY,S,1/29/2019,43.8500 ,20,877.000,0.020,876.980,9.200,1.060%,1,G,5
1431,TCEHY,B,1/28/2019,(43.3500),20,-867.000,1466,TCEHY,S,1/29/2019,43.8500 ,20,877.000,0.020,876.980,10.000,1.153%,1,G,5
1346,TVIX,B,1/28/2019,(46.0900),50,-2304.500,1351,TVIX,S,1/28/2019,48.3003 ,50,2415.015,0.050,2414.965,110.515,4.796%,0,G,5
1368,TVIX,B,1/28/2019,(49.2991),20,-985.982,1372,TVIX,S,1/28/2019,48.9509 ,20,979.018,0.030,978.988,-6.964,-0.706%,0,L,5
1412,TVIX,B,1/28/2019,(48.4490),40,-1937.960,1414,TVIX,S,1/28/2019,48.0509 ,40,1922.036,0.040,1921.996,-15.924,-0.822%,0,L,5
1416,TVIX,B,1/28/2019,(47.9798),20,-959.596,1425,TVIX,S,1/28/2019,47.7503 ,20,955.006,0.030,954.976,-4.590,-0.478%,0,L,5
1347,VXX,B,1/28/2019,(38.3991),50,-1919.955,1352,VXX,S,1/28/2019,39.1100 ,50,1955.500,0.040,1955.460,35.545,1.851%,0,G,5
1408,VXX,B,1/28/2019,(39.5100),20,-790.200,1411,VXX,S,1/28/2019,39.6301 ,20,792.602,0.030,792.572,2.402,0.304%,0,G,5
1438,VXX,B,1/28/2019,(39.0599),30,-1171.797,1439,VXX,S,1/28/2019,38.6001 ,30,1158.003,0.030,1157.973,-13.794,-1.177%,0,L,5
1415,YUM,B,1/28/2019,(92.2998),20,-1845.996,1424,YUM,S,1/28/2019,92.3901 ,20,1847.802,0.040,1847.762,1.806,0.098%,0,G,5
1474,ABT,B,1/29/2019,(69.2287),30,-2076.861,1494,ABT,S,1/29/2019,68.9717 ,30,2069.151,0.040,2069.111,-7.710,-0.371%,0,L,5
1528,ABT,B,1/29/2019,(69.1300),20,-1382.600,1548,ABT,S,1/30/2019,70.2400 ,20,1404.800,0.030,1404.770,22.200,1.606%,1,G,5
1465,AMZN,B,1/29/2019,"(1,637.3700)",1,-1637.370,1482,AMZN,S,1/29/2019,"1,616.3600 ",1,1616.360,0.040,1616.320,-21.010,-1.283%,0,L,5
1506,AMZN,B,1/29/2019,"(1,601.7900)",1,-1601.790,1516,AMZN,S,1/29/2019,"1,597.1601 ",1,1597.160,0.040,1597.120,-4.630,-0.289%,0,L,5
1464,ATVI,B,1/29/2019,(46.3500),30,-1390.500,1476,ATVI,S,1/29/2019,45.5502 ,30,1366.506,0.030,1366.476,-23.994,-1.726%,0,L,5
1472,BAC,B,1/29/2019,(29.5199),50,-1475.995,1496,BAC,S,1/29/2019,29.4710 ,50,1473.550,0.030,1473.520,-2.445,-0.166%,0,L,5
1529,BAC,B,1/29/2019,(29.4599),33,-972.177,1541,BAC,S,1/30/2019,29.3000 ,33,966.900,0.030,966.870,-5.277,-0.543%,1,L,5
1529,BAC,B,1/29/2019,(29.4599),7,-206.219,1542,BAC,S,1/30/2019,29.3000 ,7,205.100,0.020,205.080,-1.119,-0.543%,1,L,5
1484,CRM,B,1/29/2019,(147.0700),10,-1470.700,1497,CRM,S,1/29/2019,145.8600 ,10,1458.600,0.030,1458.570,-12.100,-0.823%,0,L,5
1470,GE,B,1/29/2019,(8.9350),100,-893.500,1499,GE,S,1/29/2019,9.0701 ,100,907.010,0.020,906.990,13.510,1.512%,0,G,5
1471,GE,B,1/29/2019,(8.9350),50,-446.750,1499,GE,S,1/29/2019,9.0701 ,50,453.505,0.020,453.485,6.755,1.512%,0,G,5
1473,INTC,B,1/29/2019,(46.8199),40,-1872.796,1492,INTC,S,1/29/2019,46.5302 ,40,1861.208,0.040,1861.168,-11.588,-0.619%,0,L,5
1536,INTC,B,1/29/2019,(46.4450),40,-1857.800,1550,INTC,S,1/30/2019,46.7150 ,40,1868.600,0.040,1868.560,10.800,0.581%,1,G,5
1477,KO,B,1/29/2019,(47.5500),40,-1902.000,1498,KO,S,1/29/2019,47.3001 ,40,1892.004,0.040,1891.964,-9.996,-0.526%,0,L,5
1533,KO,B,1/29/2019,(47.3300),30,-1419.900,1551,KO,S,1/30/2019,47.5201 ,30,1425.603,0.030,1425.573,5.703,0.402%,1,G,5
1530,KR,B,1/29/2019,(28.0199),40,-1120.796,1554,KR,S,1/30/2019,28.1201 ,40,1124.804,0.030,1124.774,4.008,0.358%,1,G,5
1469,MSFT,B,1/29/2019,(104.9285),10,-1049.285,1483,MSFT,S,1/29/2019,103.8350 ,10,1038.350,0.030,1038.320,-10.935,-1.042%,0,L,5
1485,MU,B,1/29/2019,(37.7099),40,-1508.396,1491,MU,S,1/29/2019,37.3602 ,40,1494.408,0.030,1494.378,-13.988,-0.927%,0,L,5
1507,MU,B,1/29/2019,(37.5200),50,-1876.000,1539,MU,S,1/29/2019,38.0400 ,50,1902.000,0.040,1901.960,26.000,1.386%,0,G,5
1467,NFLX,B,1/29/2019,(335.8999),10,-3358.999,1488,NFLX,S,1/29/2019,332.2601 ,10,3322.601,0.060,3322.541,-36.398,-1.084%,0,L,5
1534,NFLX,B,1/29/2019,(329.7599),10,-3297.599,1547,NFLX,S,1/30/2019,333.8601 ,10,3338.601,0.060,3338.541,41.002,1.243%,1,G,5
1475,NKE,B,1/29/2019,(80.4700),20,-1609.400,1495,NKE,S,1/29/2019,80.0501 ,20,1601.002,0.040,1600.962,-8.398,-0.522%,0,L,5
1508,NKE,B,1/29/2019,(80.0100),20,-1600.200,1552,NKE,S,1/30/2019,80.1600 ,20,1603.200,0.040,1603.160,3.000,0.187%,1,G,5
1486,PG,B,1/29/2019,(93.5450),10,-935.450,1493,PG,S,1/29/2019,93.2500 ,10,932.500,0.030,932.470,-2.950,-0.315%,0,L,5
1527,PG,B,1/29/2019,(93.3499),20,-1866.998,1549,PG,S,1/30/2019,93.9106 ,20,1878.212,0.040,1878.172,11.214,0.601%,1,G,5
1509,SBUX,B,1/29/2019,(66.4400),30,-1993.200,1546,SBUX,S,1/30/2019,67.7000 ,30,2031.000,0.040,2030.960,37.800,1.896%,1,G,5
1518,SDS,B,1/29/2019,(38.7099),20,-774.198,1526,SDS,S,1/29/2019,38.6701 ,20,773.402,0.030,773.372,-0.796,-0.103%,0,L,5
1537,SDS,B,1/29/2019,(38.6400),50,-1932.000,1538,SDS,S,1/29/2019,38.6301 ,50,1931.505,0.040,1931.465,-0.495,-0.026%,0,L,5
1510,SH,B,1/29/2019,(29.8200),40,-1192.800,1515,SH,S,1/29/2019,29.8000 ,40,1192.000,0.030,1191.970,-0.800,-0.067%,0,L,5
1519,SH,B,1/29/2019,(29.8300),20,-596.600,1525,SH,S,1/29/2019,29.8001 ,20,596.002,0.020,595.982,-0.598,-0.100%,0,L,5
1463,T,B,1/29/2019,(30.5000),40,-1220.000,1501,T,S,1/29/2019,30.5201 ,40,1220.804,0.030,1220.774,0.804,0.066%,0,G,5
1535,T,B,1/29/2019,(30.5000),40,-1220.000,1540,T,S,1/30/2019,29.7201 ,40,1188.804,0.030,1188.774,-31.196,-2.557%,1,L,5
1531,TCEHY,B,1/29/2019,(43.8200),30,-1314.600,1553,TCEHY,S,1/30/2019,44.0600 ,30,1321.800,0.030,1321.770,7.200,0.548%,1,G,5
1468,TMUS,B,1/29/2019,(67.5700),20,-1351.400,1478,TMUS,S,1/29/2019,67.1304 ,20,1342.608,0.030,1342.578,-8.792,-0.651%,0,L,5
1487,TVIX,B,1/29/2019,(46.4291),50,-2321.455,1489,TVIX,S,1/29/2019,46.4106 ,50,2320.530,0.050,2320.480,-0.925,-0.040%,0,L,5
1500,TVIX,B,1/29/2019,(47.6499),50,-2382.495,1502,TVIX,S,1/29/2019,48.1303 ,50,2406.515,0.050,2406.465,24.020,1.008%,0,G,5
1504,TVIX,B,1/29/2019,(48.5299),100,-4852.990,1505,TVIX,S,1/29/2019,48.1012 ,100,4810.120,0.080,4810.040,-42.870,-0.883%,0,L,5
1512,TVIX,B,1/29/2019,(47.8990),40,-1915.960,1513,TVIX,S,1/29/2019,47.5200 ,40,1900.800,0.040,1900.760,-15.160,-0.791%,0,L,5
1521,TVIX,B,1/29/2019,(47.5800),40,-1903.200,1522,TVIX,S,1/29/2019,47.2613 ,40,1890.452,0.040,1890.412,-12.748,-0.670%,0,L,5
1517,TZA,B,1/29/2019,(11.5650),200,-2313.000,1524,TZA,S,1/29/2019,11.5102 ,200,2302.040,0.050,2301.990,-10.960,-0.474%,0,L,5
1490,VXX,B,1/29/2019,(38.7298),40,-1549.192,1503,VXX,S,1/29/2019,39.1400 ,40,1565.600,0.040,1565.560,16.408,1.059%,0,G,5
1511,VXX,B,1/29/2019,(39.0299),40,-1561.196,1514,VXX,S,1/29/2019,38.8601 ,40,1554.404,0.040,1554.364,-6.792,-0.435%,0,L,5
1520,VXX,B,1/29/2019,(38.8800),40,-1555.200,1523,VXX,S,1/29/2019,38.7201 ,40,1548.804,0.040,1548.764,-6.396,-0.411%,0,L,5
1532,VZ,B,1/29/2019,(53.7899),20,-1075.798,1543,VZ,S,1/30/2019,52.4601 ,20,1049.202,0.030,1049.172,-26.596,-2.472%,1,L,5
1559,ATVI,B,1/30/2019,(46.2193),20,-924.386,1582,ATVI,S,1/31/2019,46.9801 ,20,939.602,0.030,939.572,15.216,1.646%,1,G,5
1556,BAC,B,1/30/2019,(29.3199),50,-1465.995,1562,BAC,S,1/31/2019,28.7700 ,50,1438.500,0.030,1438.470,-27.495,-1.876%,1,L,5
1558,ETSY,B,1/30/2019,(53.6370),20,-1072.740,1574,ETSY,S,1/31/2019,54.8567 ,20,1097.134,0.030,1097.104,24.394,2.274%,1,G,5
1544,IRM,B,1/30/2019,(36.5599),40,-1462.396,1583,IRM,S,1/31/2019,36.9501 ,40,1478.004,0.030,1477.974,15.608,1.067%,1,G,5
1560,KO,B,1/30/2019,(47.6700),50,-2383.500,1584,KO,S,1/31/2019,47.9501 ,50,2397.505,0.050,2397.455,14.005,0.588%,1,G,5
1555,SBUX,B,1/30/2019,(67.5691),30,-2027.073,1579,SBUX,S,1/31/2019,68.8601 ,30,2065.803,0.040,2065.763,38.730,1.911%,1,G,5
1545,TMUS,B,1/30/2019,(67.2600),20,-1345.200,1576,TMUS,S,1/31/2019,68.5901 ,20,1371.802,0.030,1371.772,26.602,1.978%,1,G,5
1557,VZ,B,1/30/2019,(53.3799),20,-1067.598,1580,VZ,S,1/31/2019,54.5402 ,20,1090.804,0.030,1090.774,23.206,2.174%,1,G,5
1599,ABT,B,1/31/2019,(72.2885),20,-1445.770,1620,ABT,S,1/31/2019,72.9700 ,20,1459.400,0.030,1459.370,13.630,0.943%,0,G,5
1606,AMAT,B,1/31/2019,(39.2600),30,-1177.800,1614,AMAT,S,1/31/2019,39.0701 ,30,1172.103,0.030,1172.073,-5.697,-0.484%,0,L,5
1577,AVGO,B,1/31/2019,(268.5300),10,-2685.300,1588,AVGO,S,1/31/2019,269.0201 ,10,2690.201,0.050,2690.151,4.901,0.183%,0,G,5
1605,BAC,B,1/31/2019,(28.3350),40,-1133.400,1617,BAC,S,1/31/2019,28.4500 ,40,1138.000,0.030,1137.970,4.600,0.406%,0,G,5
1572,INTC,B,1/31/2019,(46.5699),40,-1862.796,1581,INTC,S,1/31/2019,46.3501 ,40,1854.004,0.040,1853.964,-8.792,-0.472%,0,L,5
1610,INTC,B,1/31/2019,(47.0499),20,-940.998,1618,INTC,S,1/31/2019,47.0900 ,20,941.800,0.030,941.770,0.802,0.085%,0,G,5
1615,IRM,B,1/31/2019,(36.9399),1,-36.940,1622,IRM,S,2/1/2019,37.2000 ,1,37.200,0.020,37.180,0.260,0.704%,1,G,5
1615,IRM,B,1/31/2019,(36.9399),39,-1440.656,1624,IRM,S,2/1/2019,37.1900 ,39,1450.410,0.030,1450.380,9.754,0.677%,1,G,5
1590,KO,B,1/31/2019,(47.9899),20,-959.798,1593,KO,S,1/31/2019,48.2000 ,20,964.000,0.030,963.970,4.202,0.438%,0,G,5
1566,KR,B,1/31/2019,(28.2499),50,-1412.495,1587,KR,S,1/31/2019,28.2401 ,50,1412.005,0.030,1411.975,-0.490,-0.035%,0,L,5
1561,MSFT,B,1/31/2019,(103.3900),15,-1550.850,1585,MSFT,S,1/31/2019,104.0050 ,15,1560.075,0.040,1560.035,9.225,0.595%,0,G,5
1589,MSFT,B,1/31/2019,(104.1450),10,-1041.450,1591,MSFT,S,1/31/2019,103.8002 ,10,1038.002,0.030,1037.972,-3.448,-0.331%,0,L,5
1604,MSFT,B,1/31/2019,(105.0850),10,-1050.850,1611,MSFT,S,1/31/2019,104.1402 ,10,1041.402,0.030,1041.372,-9.448,-0.899%,0,L,5
1563,MU,B,1/31/2019,(37.8000),40,-1512.000,1570,MU,S,1/31/2019,37.6500 ,40,1506.000,0.030,1505.970,-6.000,-0.397%,0,L,5
1609,MU,B,1/31/2019,(38.3400),20,-766.800,1612,MU,S,1/31/2019,37.9800 ,20,759.600,0.020,759.580,-7.200,-0.939%,0,L,5
1564,NBEV,B,1/31/2019,(7.1000),42,-298.200,1573,NBEV,S,1/31/2019,7.0901 ,42,297.784,0.010,297.774,-0.416,-0.139%,0,L,5
1565,NBEV,B,1/31/2019,(7.0980),58,-411.684,1573,NBEV,S,1/31/2019,7.0901 ,58,411.226,0.010,411.216,-0.458,-0.111%,0,L,5
1569,NFLX,B,1/31/2019,(339.5700),10,-3395.700,1578,NFLX,S,1/31/2019,341.4417 ,10,3414.417,0.060,3414.357,18.717,0.551%,0,G,5
1601,NFLX,B,1/31/2019,(340.8180),5,-1704.090,1602,NFLX,S,1/31/2019,339.8401 ,5,1699.201,0.040,1699.161,-4.890,-0.287%,0,L,5
1608,NFLX,B,1/31/2019,(341.4000),10,-3414.000,1616,NFLX,S,1/31/2019,339.4009 ,10,3394.009,0.060,3393.949,-19.991,-0.586%,0,L,5
1592,NKE,B,1/31/2019,(81.4498),20,-1628.996,1594,NKE,S,1/31/2019,81.3901 ,20,1627.802,0.040,1627.762,-1.194,-0.073%,0,L,5
1600,NKE,B,1/31/2019,(81.1899),20,-1623.798,1603,NKE,S,1/31/2019,81.0500 ,20,1621.000,0.040,1620.960,-2.798,-0.172%,0,L,5
1607,NKE,B,1/31/2019,(81.2900),20,-1625.800,1619,NKE,S,1/31/2019,81.8700 ,20,1637.400,0.040,1637.360,11.600,0.713%,0,G,5
1567,SQ,B,1/31/2019,(69.8200),10,-698.200,1575,SQ,S,1/31/2019,73.1300 ,10,731.300,0.010,731.290,33.100,4.741%,0,G,5
1568,SQ,B,1/31/2019,(69.8500),10,-698.500,1575,SQ,S,1/31/2019,73.1300 ,10,731.300,0.020,731.280,32.800,4.696%,0,G,5
1595,TCEHY,B,1/31/2019,(44.6500),50,-2232.500,1596,TCEHY,S,1/31/2019,44.6600 ,50,2233.000,0.040,2232.960,0.500,0.022%,0,G,5
1597,TVIX,B,1/31/2019,(41.2400),20,-824.800,1598,TVIX,S,1/31/2019,41.3501 ,20,827.002,0.030,826.972,2.202,0.267%,0,G,5
1613,WDC,B,1/31/2019,(44.5600),40,-1782.400,1621,WDC,S,1/31/2019,44.9800 ,40,1799.200,0.040,1799.160,16.800,0.943%,0,G,5
1571,YUM,B,1/31/2019,(93.0900),20,-1861.800,1586,YUM,S,1/31/2019,93.5900 ,20,1871.800,0.040,1871.760,10.000,0.537%,0,G,5
1655,ABT,B,2/1/2019,(72.4600),20,-1449.200,1676,ABT,S,2/1/2019,72.3250 ,20,1446.500,0.030,1446.470,-2.700,-0.186%,0,L,5
1654,AMAT,B,2/1/2019,(39.5900),20,-791.800,1674,AMAT,S,2/1/2019,39.6801 ,20,793.602,0.030,793.572,1.802,0.228%,0,G,5
1634,AMZN,B,2/1/2019,"(1,638.4500)",1,-1638.450,1653,AMZN,S,2/1/2019,"1,648.0000 ",1,1648.000,0.040,1647.960,9.550,0.583%,0,G,5
1625,BAC,B,2/1/2019,(28.5500),50,-1427.500,1647,BAC,S,2/1/2019,28.8002 ,50,1440.010,0.030,1439.980,12.510,0.876%,0,G,5
1658,BAC,B,2/1/2019,(28.7200),50,-1436.000,1660,BAC,S,2/1/2019,28.6801 ,50,1434.005,0.030,1433.975,-1.995,-0.139%,0,L,5
1669,BAC,B,2/1/2019,(28.6300),50,-1431.500,1673,BAC,S,2/1/2019,28.6401 ,50,1432.005,0.030,1431.975,0.505,0.035%,0,G,5
1667,CGC,B,2/1/2019,(49.9473),20,-998.946,1677,CGC,S,2/1/2019,49.7401 ,20,994.802,0.030,994.772,-4.144,-0.415%,0,L,5
1632,CME,B,2/1/2019,(182.2800),10,-1822.800,1645,CME,S,2/1/2019,184.4112 ,10,1844.112,0.040,1844.072,21.312,1.169%,0,G,5
1626,ETSY,B,2/1/2019,(55.1000),30,-1653.000,1636,ETSY,S,2/1/2019,54.3349 ,30,1630.047,0.040,1630.007,-22.953,-1.389%,0,L,5
1627,INTC,B,2/1/2019,(47.0800),30,-1412.400,1644,INTC,S,2/1/2019,48.3801 ,30,1451.403,0.030,1451.373,39.003,2.761%,0,G,5
1668,IRM,B,2/1/2019,(36.3798),30,-1091.394,1709,IRM,S,2/1/2019,36.4701 ,30,1094.103,0.030,1094.073,2.709,0.248%,0,G,5
1713,IRM,B,2/1/2019,(36.5000),40,-1460.000,1722,IRM,S,2/1/2019,36.5200 ,40,1460.800,0.030,1460.770,0.800,0.055%,0,G,5
1657,KO,B,2/1/2019,(48.5300),20,-970.600,1720,KO,S,2/1/2019,48.6500 ,20,973.000,0.030,972.970,2.400,0.247%,0,G,5
1630,KR,B,2/1/2019,(28.3900),50,-1419.500,1637,KR,S,2/1/2019,28.1501 ,50,1407.505,0.030,1407.475,-11.995,-0.845%,0,L,5
1642,KR,B,2/1/2019,(28.0650),40,-1122.600,1651,KR,S,2/1/2019,28.0100 ,40,1120.400,0.030,1120.370,-2.200,-0.196%,0,L,5
1631,MSFT,B,2/1/2019,(104.5550),12,-1254.660,1640,MSFT,S,2/1/2019,103.7450 ,12,1244.940,0.030,1244.910,-9.720,-0.775%,0,L,5
1714,MSFT,B,2/1/2019,(102.7250),15,-1540.875,1725,MSFT,S,2/1/2019,102.7800 ,15,1541.700,0.040,1541.660,0.825,0.054%,0,G,5
1633,MU,B,2/1/2019,(38.2881),40,-1531.524,1643,MU,S,2/1/2019,39.7701 ,40,1590.804,0.040,1590.764,59.280,3.871%,0,G,5
1684,MU,B,2/1/2019,(39.5400),50,-1977.000,1721,MU,S,2/1/2019,39.5601 ,50,1978.005,0.040,1977.965,1.005,0.051%,0,G,5
1663,NBEV,B,2/1/2019,(7.2399),100,-723.990,1666,NBEV,S,2/1/2019,7.1721 ,100,717.210,0.020,717.190,-6.780,-0.936%,0,L,5
1629,NFLX,B,2/1/2019,(338.9900),5,-1694.950,1646,NFLX,S,2/1/2019,343.6050 ,5,1718.025,0.040,1717.985,23.075,1.361%,0,G,5
1715,NFLX,B,2/1/2019,(340.1500),5,-1700.750,1717,NFLX,S,2/1/2019,338.8500 ,5,1694.250,0.040,1694.210,-6.500,-0.382%,0,L,5
1639,NKE,B,2/1/2019,(81.6000),20,-1632.000,1650,NKE,S,2/1/2019,81.3001 ,20,1626.002,0.040,1625.962,-5.998,-0.368%,0,L,5
1662,NKE,B,2/1/2019,(81.3700),20,-1627.400,1679,NKE,S,2/1/2019,81.4000 ,20,1628.000,0.030,1627.970,0.600,0.037%,0,G,5
1665,NKE,B,2/1/2019,(81.6100),20,-1632.200,1679,NKE,S,2/1/2019,81.4000 ,20,1628.000,0.030,1627.970,-4.200,-0.257%,0,L,5
1683,NKE,B,2/1/2019,(81.3000),20,-1626.000,1694,NKE,S,2/1/2019,81.2001 ,20,1624.002,0.040,1623.962,-1.998,-0.123%,0,L,5
1701,NKE,B,2/1/2019,(81.2700),20,-1625.400,1704,NKE,S,2/1/2019,81.2301 ,20,1624.602,0.040,1624.562,-0.798,-0.049%,0,L,5
1712,NKE,B,2/1/2019,(81.3700),20,-1627.400,1724,NKE,S,2/1/2019,81.3610 ,20,1627.220,0.040,1627.180,-0.180,-0.011%,0,L,5
1681,O,B,2/1/2019,(67.4700),20,-1349.400,1707,O,S,2/1/2019,67.4300 ,20,1348.600,0.030,1348.570,-0.800,-0.059%,0,L,5
1638,PEGI,B,2/1/2019,(21.0499),50,-1052.495,1652,PEGI,S,2/1/2019,21.1901 ,50,1059.505,0.030,1059.475,7.010,0.666%,0,G,5
1686,PEGI,B,2/1/2019,(21.1700),50,-1058.500,1692,PEGI,S,2/1/2019,21.1301 ,50,1056.505,0.030,1056.475,-1.995,-0.188%,0,L,5
1699,PFE,B,2/1/2019,(42.8050),40,-1712.200,1718,PFE,S,2/1/2019,42.8450 ,40,1713.800,0.040,1713.760,1.600,0.093%,0,G,5
1659,PG,B,2/1/2019,(96.9400),10,-969.400,1675,PG,S,2/1/2019,97.2102 ,10,972.102,0.030,972.072,2.702,0.279%,0,G,5
1680,PG,B,2/1/2019,(97.0897),10,-970.897,1708,PG,S,2/1/2019,97.1202 ,10,971.202,0.030,971.172,0.305,0.031%,0,G,5
1656,SBUX,B,2/1/2019,(68.7500),20,-1375.000,1664,SBUX,S,2/1/2019,68.3410 ,20,1366.820,0.030,1366.790,-8.180,-0.595%,0,L,5
1670,SH,B,2/1/2019,(29.0200),20,-580.400,1672,SH,S,2/1/2019,29.0101 ,20,580.202,0.020,580.182,-0.198,-0.034%,0,L,5
1628,T,B,2/1/2019,(30.1500),40,-1206.000,1649,T,S,2/1/2019,30.0501 ,40,1202.004,0.030,1201.974,-3.996,-0.331%,0,L,5
1690,T,B,2/1/2019,(30.0400),20,-600.800,1695,T,S,2/1/2019,29.9200 ,20,598.400,0.020,598.380,-2.400,-0.399%,0,L,5
1635,TCEHY,B,2/1/2019,(44.3000),30,-1329.000,1641,TCEHY,S,2/1/2019,44.0300 ,30,1320.900,0.030,1320.870,-8.100,-0.609%,0,L,5
1678,TCEHY,B,2/1/2019,(44.3100),20,-886.200,1706,TCEHY,S,2/1/2019,44.2400 ,20,884.800,0.020,884.780,-1.400,-0.158%,0,L,5
1682,TCEHY,B,2/1/2019,(44.3400),10,-443.400,1706,TCEHY,S,2/1/2019,44.2400 ,10,442.400,0.010,442.390,-1.000,-0.226%,0,L,5
1689,TMUS,B,2/1/2019,(69.6500),20,-1393.000,1705,TMUS,S,2/1/2019,69.5200 ,20,1390.400,0.030,1390.370,-2.600,-0.187%,0,L,5
1687,TVIX,B,2/1/2019,(39.8897),20,-797.794,1688,TVIX,S,2/1/2019,39.5500 ,20,791.000,0.030,790.970,-6.794,-0.852%,0,L,5
1691,TVIX,B,2/1/2019,(39.6200),20,-792.400,1693,TVIX,S,2/1/2019,39.9901 ,20,799.802,0.030,799.772,7.402,0.934%,0,G,5
1697,TVIX,B,2/1/2019,(39.5994),40,-1583.976,1698,TVIX,S,2/1/2019,39.3709 ,40,1574.836,0.040,1574.796,-9.140,-0.577%,0,L,5
1702,TVIX,B,2/1/2019,(39.4291),20,-788.582,1710,TVIX,S,2/1/2019,39.4001 ,20,788.002,0.030,787.972,-0.580,-0.074%,0,L,5
1685,VFC,B,2/1/2019,(83.8595),20,-1677.190,1696,VFC,S,2/1/2019,83.6801 ,20,1673.602,0.040,1673.562,-3.588,-0.214%,0,L,5
1703,VXXB,B,2/1/2019,(35.1896),20,-703.792,1711,VXXB,S,2/1/2019,35.1601 ,20,703.202,0.020,703.182,-0.590,-0.084%,0,L,5
1623,VZ,B,2/1/2019,(55.0200),20,-1100.400,1648,VZ,S,2/1/2019,54.7700 ,20,1095.400,0.030,1095.370,-5.000,-0.454%,0,L,5
1661,VZ,B,2/1/2019,(54.7100),20,-1094.200,1671,VZ,S,2/1/2019,54.7301 ,20,1094.602,0.030,1094.572,0.402,0.037%,0,G,5
1716,VZ,B,2/1/2019,(54.6600),20,-1093.200,1719,VZ,S,2/1/2019,54.5801 ,20,1091.602,0.030,1091.572,-1.598,-0.146%,0,L,5
1700,YUM,B,2/1/2019,(94.1300),20,-1882.600,1723,YUM,S,2/1/2019,94.0101 ,20,1880.202,0.040,1880.162,-2.398,-0.127%,0,L,5
1778,ABT,B,2/4/2019,(72.6200),20,-1452.400,1809,ABT,S,2/5/2019,73.1000 ,20,1462.000,0.030,1461.970,9.600,0.661%,1,G,6
1741,AMAT,B,2/4/2019,(38.6800),50,-1934.000,1768,AMAT,S,2/4/2019,38.8601 ,50,1943.005,0.040,1942.965,9.005,0.466%,0,G,6
1780,AMAT,B,2/4/2019,(38.7500),30,-1162.500,1792,AMAT,S,2/4/2019,38.8900 ,30,1166.700,0.030,1166.670,4.200,0.361%,0,G,6
1746,AMD,B,2/4/2019,(24.4097),50,-1220.485,1751,AMD,S,2/4/2019,24.2403 ,50,1212.015,0.030,1211.985,-8.470,-0.694%,0,L,6
1773,AMD,B,2/4/2019,(24.3297),40,-973.188,1775,AMD,S,2/4/2019,24.2902 ,40,971.608,0.030,971.578,-1.580,-0.162%,0,L,6
1748,ATVI,B,2/4/2019,(46.5699),30,-1397.097,1767,ATVI,S,2/4/2019,46.7301 ,30,1401.903,0.030,1401.873,4.806,0.344%,0,G,6
1734,AVGO,B,2/4/2019,(267.6199),10,-2676.199,1744,AVGO,S,2/4/2019,265.1701 ,10,2651.701,0.050,2651.651,-24.498,-0.915%,0,L,6
1726,BAC,B,2/4/2019,(28.4100),50,-1420.500,1755,BAC,S,2/4/2019,28.8500 ,50,1442.500,0.030,1442.470,22.000,1.549%,0,G,6
1785,CGC,B,2/4/2019,(49.3000),20,-986.000,1789,CGC,S,2/4/2019,49.5811 ,20,991.622,0.020,991.602,5.622,0.570%,0,G,6
1788,CGC,B,2/4/2019,(49.3997),20,-987.994,1789,CGC,S,2/4/2019,49.5811 ,20,991.622,0.020,991.602,3.628,0.367%,0,G,6
1774,ETSY,B,2/4/2019,(54.7200),20,-1094.400,1803,ETSY,S,2/5/2019,57.4101 ,20,1148.202,0.030,1148.172,53.802,4.916%,1,G,6
1754,FSLR,B,2/4/2019,(48.7200),30,-1461.600,1760,FSLR,S,2/4/2019,48.9009 ,30,1467.027,0.030,1466.997,5.427,0.371%,0,G,6
1747,GWW,B,2/4/2019,(293.3238),5,-1466.619,1756,GWW,S,2/4/2019,296.3780 ,5,1481.890,0.030,1481.860,15.271,1.041%,0,G,6
1738,INTC,B,2/4/2019,(48.5598),40,-1942.392,1761,INTC,S,2/4/2019,48.9119 ,40,1956.476,0.040,1956.436,14.084,0.725%,0,G,6
1779,INTC,B,2/4/2019,(49.0300),30,-1470.900,1807,INTC,S,2/5/2019,49.9010 ,30,1497.030,0.030,1497.000,26.130,1.776%,1,G,6
1729,IRM,B,2/4/2019,(36.6200),50,-1831.000,1766,IRM,S,2/4/2019,36.6806 ,50,1834.030,0.040,1833.990,3.030,0.165%,0,G,6
1740,KO,B,2/4/2019,(48.7500),40,-1950.000,1757,KO,S,2/4/2019,49.1706 ,40,1966.824,0.040,1966.784,16.824,0.863%,0,G,6
1786,KO,B,2/4/2019,(49.2000),40,-1968.000,1825,KO,S,2/5/2019,49.3303 ,40,1973.212,0.040,1973.172,5.212,0.265%,1,G,6
1733,MU,B,2/4/2019,(38.9999),20,-779.998,1764,MU,S,2/4/2019,39.3801 ,20,787.602,0.020,787.582,7.604,0.975%,0,G,6
1743,MU,B,2/4/2019,(38.9285),20,-778.570,1764,MU,S,2/4/2019,39.3801 ,20,787.602,0.020,787.582,9.032,1.160%,0,G,6
1730,NKE,B,2/4/2019,(81.3600),20,-1627.200,1763,NKE,S,2/4/2019,81.6603 ,20,1633.206,0.040,1633.166,6.006,0.369%,0,G,6
1777,NKE,B,2/4/2019,(81.8200),30,-2454.600,1790,NKE,S,2/4/2019,81.9601 ,30,2458.803,0.050,2458.753,4.203,0.171%,0,G,6
1727,PEGI,B,2/4/2019,(20.8900),70,-1462.300,1745,PEGI,S,2/4/2019,20.9010 ,70,1463.070,0.030,1463.040,0.770,0.053%,0,G,6
1784,PEGI,B,2/4/2019,(20.9900),30,-629.700,1820,PEGI,S,2/5/2019,21.0601 ,30,631.803,0.020,631.783,2.103,0.334%,1,G,6
1787,PEGI,B,2/4/2019,(21.0294),30,-630.882,1820,PEGI,S,2/5/2019,21.0601 ,30,631.803,0.010,631.793,0.921,0.146%,1,G,6
1783,PFE,B,2/4/2019,(42.2950),30,-1268.850,1791,PFE,S,2/4/2019,42.4250 ,30,1272.750,0.030,1272.720,3.900,0.307%,0,G,6
1732,PG,B,2/4/2019,(97.3699),20,-1947.398,1758,PG,S,2/4/2019,97.5800 ,20,1951.600,0.030,1951.570,4.202,0.216%,0,G,6
1750,PG,B,2/4/2019,(97.1785),10,-971.785,1758,PG,S,2/4/2019,97.5800 ,10,975.800,0.020,975.780,4.015,0.413%,0,G,6
1739,SBUX,B,2/4/2019,(67.7198),20,-1354.396,1742,SBUX,S,2/4/2019,67.4001 ,20,1348.002,0.030,1347.972,-6.394,-0.472%,0,L,6
1752,SBUX,B,2/4/2019,(67.3100),20,-1346.200,1759,SBUX,S,2/4/2019,67.2506 ,20,1345.012,0.030,1344.982,-1.188,-0.088%,0,L,6
1781,SBUX,B,2/4/2019,(67.5100),3,-202.530,1796,SBUX,S,2/5/2019,67.6600 ,3,202.980,0.020,202.960,0.450,0.222%,1,G,6
1781,SBUX,B,2/4/2019,(67.5100),17,-1147.670,1808,SBUX,S,2/5/2019,68.2500 ,17,1160.250,0.030,1160.220,12.580,1.096%,1,G,6
1728,T,B,2/4/2019,(30.0584),4,-120.234,1735,T,S,2/4/2019,29.8000 ,4,119.200,0.020,119.180,-1.034,-0.860%,0,L,6
1728,T,B,2/4/2019,(30.0584),46,-1382.686,1736,T,S,2/4/2019,29.8000 ,46,1370.800,0.030,1370.770,-11.886,-0.860%,0,L,6
1749,T,B,2/4/2019,(29.8399),40,-1193.596,1762,T,S,2/4/2019,29.7301 ,40,1189.204,0.030,1189.174,-4.392,-0.368%,0,L,6
1776,T,B,2/4/2019,(29.7800),30,-893.400,1782,T,S,2/4/2019,29.6100 ,30,888.300,0.030,888.270,-5.100,-0.571%,0,L,6
1731,TCEHY,B,2/4/2019,(44.2500),40,-1770.000,1765,TCEHY,S,2/4/2019,44.6200 ,40,1784.800,0.040,1784.760,14.800,0.836%,0,G,6
1769,TVIX,B,2/4/2019,(37.0600),20,-741.200,1770,TVIX,S,2/4/2019,37.1604 ,20,743.208,0.020,743.188,2.008,0.271%,0,G,6
1771,TVIX,B,2/4/2019,(37.2698),20,-745.396,1772,TVIX,S,2/4/2019,37.1101 ,20,742.202,0.020,742.182,-3.194,-0.428%,0,L,6
1737,VZ,B,2/4/2019,(54.5400),30,-1636.200,1753,VZ,S,2/4/2019,54.1401 ,30,1624.203,0.040,1624.163,-11.997,-0.733%,0,L,6
1828,ABT,B,2/5/2019,(72.9100),20,-1458.200,1901,ABT,S,2/6/2019,73.5050 ,20,1470.100,0.030,1470.070,11.900,0.816%,1,G,6
1797,AMAT,B,2/5/2019,(39.0000),40,-1560.000,1819,AMAT,S,2/5/2019,39.1501 ,40,1566.004,0.040,1565.964,6.004,0.385%,0,G,6
1846,AMAT,B,2/5/2019,(39.1600),40,-1566.400,1848,AMAT,S,2/5/2019,39.0701 ,40,1562.804,0.040,1562.764,-3.596,-0.230%,0,L,6
1793,BAC,B,2/5/2019,(28.9000),50,-1445.000,1811,BAC,S,2/5/2019,28.6801 ,50,1434.005,0.020,1433.985,-10.995,-0.761%,0,L,6
1800,BAC,B,2/5/2019,(28.8800),6,-173.280,1811,BAC,S,2/5/2019,28.6801 ,6,172.081,0.010,172.071,-1.199,-0.692%,0,L,6
1801,BAC,B,2/5/2019,(28.8900),14,-404.460,1811,BAC,S,2/5/2019,28.6801 ,14,401.521,0.010,401.511,-2.939,-0.727%,0,L,6
1827,BAC,B,2/5/2019,(28.6400),50,-1432.000,1850,BAC,S,2/5/2019,28.7201 ,50,1436.005,0.030,1435.975,4.005,0.280%,0,G,6
1795,CME,B,2/5/2019,(181.4400),10,-1814.400,1823,CME,S,2/5/2019,177.3500 ,10,1773.500,0.040,1773.460,-40.900,-2.254%,0,L,6
1798,CRON,B,2/5/2019,(22.1337),2,-44.267,1812,CRON,S,2/5/2019,22.7300 ,2,45.460,0.020,45.440,1.193,2.694%,0,G,6
1798,CRON,B,2/5/2019,(22.1337),48,-1062.418,1813,CRON,S,2/5/2019,22.7218 ,48,1090.646,0.030,1090.616,28.229,2.657%,0,G,6
1831,FAST,B,2/5/2019,(61.2298),20,-1224.596,1851,FAST,S,2/5/2019,61.6350 ,20,1232.700,0.030,1232.670,8.104,0.662%,0,G,6
1814,FSLR,B,2/5/2019,(49.3700),20,-987.400,1822,FSLR,S,2/5/2019,49.1915 ,20,983.830,0.030,983.800,-3.570,-0.362%,0,L,6
1805,IRM,B,2/5/2019,(36.8993),50,-1844.965,1818,IRM,S,2/5/2019,36.7607 ,50,1838.035,0.040,1837.995,-6.930,-0.376%,0,L,6
1829,IRM,B,2/5/2019,(36.7700),40,-1470.800,1838,IRM,S,2/5/2019,36.7201 ,40,1468.804,0.030,1468.774,-1.996,-0.136%,0,L,6
1839,KO,B,2/5/2019,(49.2599),30,-1477.797,1922,KO,S,2/7/2019,49.0550 ,30,1471.650,0.030,1471.620,-6.147,-0.416%,2,L,6
1799,MU,B,2/5/2019,(39.3900),40,-1575.600,1806,MU,S,2/5/2019,40.2301 ,40,1609.204,0.040,1609.164,33.604,2.133%,0,G,6
1830,MU,B,2/5/2019,(39.3900),50,-1969.500,1861,MU,S,2/6/2019,41.0600 ,50,2053.000,0.040,2052.960,83.500,4.240%,1,G,6
1815,NKE,B,2/5/2019,(82.8900),20,-1657.800,1817,NKE,S,2/5/2019,82.7601 ,20,1655.202,0.040,1655.162,-2.598,-0.157%,0,L,6
1835,NKE,B,2/5/2019,(82.8100),20,-1656.200,1885,NKE,S,2/6/2019,81.8200 ,20,1636.400,0.040,1636.360,-19.800,-1.196%,1,L,6
1833,O,B,2/5/2019,(68.7199),20,-1374.398,1840,O,S,2/5/2019,68.9701 ,20,1379.402,0.030,1379.372,5.004,0.364%,0,G,6
1821,PFE,B,2/5/2019,(42.5950),20,-851.900,1824,PFE,S,2/5/2019,42.4000 ,20,848.000,0.030,847.970,-3.900,-0.458%,0,L,6
1841,PFE,B,2/5/2019,(42.2350),20,-844.700,1847,PFE,S,2/5/2019,42.1750 ,20,843.500,0.040,843.460,-1.200,-0.142%,0,L,6
1843,PFE,B,2/5/2019,(42.2050),20,-844.100,1847,PFE,S,2/5/2019,42.1750 ,20,843.500,0.040,843.460,-0.600,-0.071%,0,L,6
1802,PG,B,2/5/2019,(97.9100),15,-1468.650,1826,PG,S,2/5/2019,97.7801 ,15,1466.702,0.030,1466.672,-1.948,-0.133%,0,L,6
1842,PG,B,2/5/2019,(97.7300),10,-977.300,1849,PG,S,2/5/2019,97.4701 ,10,974.701,0.040,974.661,-2.599,-0.266%,0,L,6
1844,PG,B,2/5/2019,(97.7100),10,-977.100,1849,PG,S,2/5/2019,97.4701 ,10,974.701,0.040,974.661,-2.399,-0.246%,0,L,6
1794,T,B,2/5/2019,(29.7000),50,-1485.000,1816,T,S,2/5/2019,29.5200 ,50,1476.000,0.030,1475.970,-9.000,-0.606%,0,L,6
1832,T,B,2/5/2019,(29.5600),40,-1182.400,1834,T,S,2/5/2019,29.5601 ,40,1182.404,0.030,1182.374,0.004,0.000%,0,G,6
1845,T,B,2/5/2019,(29.6100),2,-59.220,1914,T,S,2/7/2019,29.4000 ,2,58.800,0.020,58.780,-0.420,-0.709%,2,L,6
1845,T,B,2/5/2019,(29.6100),48,-1421.280,1915,T,S,2/7/2019,29.4002 ,48,1411.210,0.030,1411.180,-10.070,-0.709%,2,L,6
1836,TVIX,B,2/5/2019,(36.3100),20,-726.200,1837,TVIX,S,2/5/2019,36.2910 ,20,725.820,0.020,725.800,-0.380,-0.052%,0,L,6
1804,VZ,B,2/5/2019,(54.0199),20,-1080.398,1810,VZ,S,2/5/2019,53.6501 ,20,1073.002,0.030,1072.972,-7.396,-0.685%,0,L,6
1870,ADBE,B,2/6/2019,(254.5778),5,-1272.889,1918,ADBE,S,2/7/2019,250.5001 ,5,1252.501,0.030,1252.471,-20.388,-1.602%,1,L,6
1860,BAC,B,2/6/2019,(28.8400),50,-1442.000,1882,BAC,S,2/6/2019,28.5801 ,50,1429.005,0.030,1428.975,-12.995,-0.901%,0,L,6
1897,BAC,B,2/6/2019,(28.7100),35,-1004.850,1920,BAC,S,2/7/2019,28.4700 ,35,996.450,0.030,996.420,-8.400,-0.836%,1,L,6
1897,BAC,B,2/6/2019,(28.7100),15,-430.650,1921,BAC,S,2/7/2019,28.4701 ,15,427.052,0.020,427.032,-3.599,-0.836%,1,L,6
1855,CGC,B,2/6/2019,(47.6605),20,-953.210,1866,CGC,S,2/6/2019,46.5501 ,20,931.002,0.030,930.972,-22.208,-2.330%,0,L,6
1889,CRM,B,2/6/2019,(156.2800),10,-1562.800,1903,CRM,S,2/6/2019,157.9601 ,10,1579.601,0.040,1579.561,16.801,1.075%,0,G,6
1854,GLD,B,2/6/2019,(124.2200),10,-1242.200,1895,GLD,S,2/6/2019,123.9450 ,10,1239.450,0.030,1239.420,-2.750,-0.221%,0,L,6
1899,HAS,B,2/6/2019,(91.1300),20,-1822.600,1907,HAS,S,2/6/2019,91.3102 ,20,1826.204,0.040,1826.164,3.604,0.198%,0,G,6
1887,INTC,B,2/6/2019,(50.1299),30,-1503.897,1927,INTC,S,2/7/2019,49.4900 ,30,1484.700,0.030,1484.670,-19.197,-1.276%,1,L,6
1875,IRM,B,2/6/2019,(36.8100),50,-1840.500,1888,IRM,S,2/6/2019,36.6902 ,50,1834.510,0.040,1834.470,-5.990,-0.325%,0,L,6
1873,KR,B,2/6/2019,(28.2697),30,-848.091,1912,KR,S,2/7/2019,28.2100 ,30,846.300,0.030,846.270,-1.791,-0.211%,1,L,6
1891,MSFT,B,2/6/2019,(105.9950),10,-1059.950,1919,MSFT,S,2/7/2019,105.0050 ,10,1050.050,0.030,1050.020,-9.900,-0.934%,1,L,6
1853,NBEV,B,2/6/2019,(7.1700),200,-1434.000,1871,NBEV,S,2/6/2019,6.9642 ,200,1392.840,0.040,1392.800,-41.160,-2.870%,0,L,6
1890,NFLX,B,2/6/2019,(350.8000),10,-3508.000,1902,NFLX,S,2/6/2019,352.4901 ,10,3524.901,0.060,3524.841,16.901,0.482%,0,G,6
1876,O,B,2/6/2019,(69.0900),20,-1381.800,1908,O,S,2/6/2019,69.1750 ,20,1383.500,0.030,1383.470,1.700,0.123%,0,G,6
1900,PEGI,B,2/6/2019,(21.0498),40,-841.992,1923,PEGI,S,2/7/2019,20.8400 ,40,833.600,0.030,833.570,-8.392,-0.997%,1,L,6
1864,PFE,B,2/6/2019,(41.9299),30,-1257.897,1904,PFE,S,2/6/2019,42.3450 ,30,1270.350,0.030,1270.320,12.453,0.990%,0,G,6
1857,PG,B,2/6/2019,(97.2000),10,-972.000,1905,PG,S,2/6/2019,98.0201 ,10,980.201,0.030,980.171,8.201,0.844%,0,G,6
1858,SBUX,B,2/6/2019,(68.9799),30,-2069.397,1952,SBUX,S,2/7/2019,68.7402 ,30,2062.206,0.040,2062.166,-7.191,-0.347%,1,L,6
1852,SQ,B,2/6/2019,(72.9100),20,-1458.200,1863,SQ,S,2/6/2019,71.4301 ,20,1428.602,0.030,1428.572,-29.598,-2.030%,0,L,6
1868,SQ,B,2/6/2019,(71.9400),10,-719.400,1877,SQ,S,2/6/2019,70.8601 ,10,708.601,0.020,708.581,-10.799,-1.501%,0,L,6
1869,SQ,B,2/6/2019,(71.9400),10,-719.400,1877,SQ,S,2/6/2019,70.8601 ,10,708.601,0.010,708.591,-10.799,-1.501%,0,L,6
1867,TCEHY,B,2/6/2019,(45.4800),1,-45.480,1880,TCEHY,S,2/6/2019,45.0650 ,1,45.065,0.020,45.045,-0.415,-0.912%,0,L,6
1867,TCEHY,B,2/6/2019,(45.4800),49,-2228.520,1881,TCEHY,S,2/6/2019,45.0500 ,49,2207.450,0.040,2207.410,-21.070,-0.945%,0,L,6
1865,TMUS,B,2/6/2019,(67.0095),50,-3350.475,1883,TMUS,S,2/6/2019,66.5901 ,50,3329.505,0.060,3329.445,-20.970,-0.626%,0,L,6
1893,TMUS,B,2/6/2019,(66.9800),20,-1339.600,1913,TMUS,S,2/7/2019,65.9015 ,20,1318.030,0.030,1318.000,-21.570,-1.610%,1,L,6
1856,TVIX,B,2/6/2019,(35.9900),40,-1439.600,1872,TVIX,S,2/6/2019,35.4503 ,40,1418.012,0.030,1417.982,-21.588,-1.500%,0,L,6
1878,TVIX,B,2/6/2019,(36.6499),20,-732.998,1879,TVIX,S,2/6/2019,36.6302 ,20,732.604,0.020,732.584,-0.394,-0.054%,0,L,6
1862,VXXB,B,2/6/2019,(33.3995),20,-667.990,1874,VXXB,S,2/6/2019,33.2605 ,20,665.210,0.020,665.190,-2.780,-0.416%,0,L,6
1884,VXXB,B,2/6/2019,(33.8095),50,-1690.475,1886,VXXB,S,2/6/2019,33.7001 ,50,1685.005,0.040,1684.965,-5.470,-0.324%,0,L,6
1894,VXXB,B,2/6/2019,(33.3099),35,-1165.847,1896,VXXB,S,2/6/2019,33.1800 ,35,1161.300,0.030,1161.270,-4.546,-0.390%,0,L,6
1859,VZ,B,2/6/2019,(54.1900),30,-1625.700,1898,VZ,S,2/6/2019,54.0001 ,30,1620.003,0.040,1619.963,-5.697,-0.350%,0,L,6
1892,YUM,B,2/6/2019,(94.1800),20,-1883.600,1906,YUM,S,2/6/2019,94.5002 ,20,1890.004,0.040,1889.964,6.404,0.340%,0,G,6
1982,ABT,B,2/7/2019,(72.0750),3,-216.225,2001,ABT,S,2/7/2019,72.7300 ,3,218.190,0.020,218.170,1.965,0.909%,0,G,6
1982,ABT,B,2/7/2019,(72.0750),17,-1225.275,2015,ABT,S,2/8/2019,72.7300 ,17,1236.410,0.030,1236.380,11.135,0.909%,1,G,6
1925,ACB,B,2/7/2019,(7.5400),100,-754.000,1936,ACB,S,2/7/2019,7.8127 ,100,781.270,0.030,781.240,27.270,3.617%,0,G,6
1973,ADBE,B,2/7/2019,(252.1680),10,-2521.680,1974,ADBE,S,2/7/2019,251.1424 ,10,2511.424,0.050,2511.374,-10.256,-0.407%,0,L,6
1988,ADBE,B,2/7/2019,(253.3490),5,-1266.745,2054,ADBE,S,2/8/2019,256.4010 ,5,1282.005,0.030,1281.975,15.260,1.205%,1,G,6
1931,AMAT,B,2/7/2019,(39.9799),50,-1998.995,1966,AMAT,S,2/7/2019,40.0201 ,50,2001.005,0.040,2000.965,2.010,0.101%,0,G,6
1981,AMD,B,2/7/2019,(22.6097),50,-1130.485,2050,AMD,S,2/8/2019,23.1000 ,50,1155.000,0.030,1154.970,24.515,2.169%,1,G,6
1932,BAC,B,2/7/2019,(28.2695),30,-848.085,1944,BAC,S,2/7/2019,28.0203 ,30,840.609,0.030,840.579,-7.476,-0.882%,0,L,6
1978,BAC,B,2/7/2019,(28.0300),50,-1401.500,2031,BAC,S,2/8/2019,27.8611 ,50,1393.055,0.030,1393.025,-8.445,-0.603%,1,L,6
1924,CGC,B,2/7/2019,(45.6700),20,-913.400,1937,CGC,S,2/7/2019,47.3719 ,20,947.438,0.030,947.408,34.038,3.727%,0,G,6
1986,CGC,B,2/7/2019,(46.7052),20,-934.104,2012,CGC,S,2/8/2019,46.2601 ,20,925.202,0.020,925.182,-8.902,-0.953%,1,L,6
1979,ETSY,B,2/7/2019,(50.9690),30,-1529.070,1992,ETSY,S,2/7/2019,51.5901 ,30,1547.703,0.040,1547.663,18.633,1.219%,0,G,6
1930,FSLR,B,2/7/2019,(49.0200),20,-980.400,1947,FSLR,S,2/7/2019,48.5601 ,20,971.202,0.030,971.172,-9.198,-0.938%,0,L,6
1926,GME,B,2/7/2019,(11.5500),20,-231.000,1942,GME,S,2/7/2019,11.4601 ,20,229.202,0.020,229.182,-1.798,-0.778%,0,L,6
1980,GWW,B,2/7/2019,(303.0400),5,-1515.200,2023,GWW,S,2/8/2019,300.0820 ,5,1500.410,0.030,1500.380,-14.790,-0.976%,1,L,6
1989,INTC,B,2/7/2019,(49.1699),30,-1475.097,2017,INTC,S,2/8/2019,48.7302 ,30,1461.906,0.030,1461.876,-13.191,-0.894%,1,L,6
1991,IRM,B,2/7/2019,(36.6099),30,-1098.297,2029,IRM,S,2/8/2019,36.3901 ,30,1091.703,0.030,1091.673,-6.594,-0.600%,1,L,6
1951,KO,B,2/7/2019,(49.2800),30,-1478.400,1963,KO,S,2/7/2019,49.2300 ,30,1476.900,0.030,1476.870,-1.500,-0.101%,0,L,6
1943,KR,B,2/7/2019,(28.1400),30,-844.200,1961,KR,S,2/7/2019,28.0601 ,30,841.803,0.030,841.773,-2.397,-0.284%,0,L,6
1933,MSFT,B,2/7/2019,(105.2350),10,-1052.350,1946,MSFT,S,2/7/2019,105.0250 ,10,1050.250,0.030,1050.220,-2.100,-0.200%,0,L,6
1990,MSFT,B,2/7/2019,(105.2000),10,-1052.000,2060,MSFT,S,2/8/2019,105.5700 ,10,1055.700,0.030,1055.670,3.700,0.352%,1,G,6
1929,NFLX,B,2/7/2019,(348.0000),5,-1740.000,1945,NFLX,S,2/7/2019,344.6601 ,5,1723.301,0.040,1723.261,-16.699,-0.960%,0,L,6
1985,NKE,B,2/7/2019,(82.0900),30,-2462.700,2038,NKE,S,2/8/2019,82.1301 ,30,2463.903,0.050,2463.853,1.203,0.049%,1,G,6
1911,PG,B,2/7/2019,(97.5500),15,-1463.250,1928,PG,S,2/7/2019,97.0801 ,15,1456.202,0.030,1456.172,-7.048,-0.482%,0,L,6
1939,PG,B,2/7/2019,(97.2400),10,-972.400,1948,PG,S,2/7/2019,96.6503 ,10,966.503,0.030,966.473,-5.897,-0.606%,0,L,6
1984,PG,B,2/7/2019,(96.6899),15,-1450.349,2011,PG,S,2/8/2019,96.8101 ,15,1452.152,0.030,1452.122,1.803,0.124%,1,G,6
1971,SBUX,B,2/7/2019,(68.7500),50,-3437.500,1972,SBUX,S,2/7/2019,68.6401 ,50,3432.005,0.060,3431.945,-5.495,-0.160%,0,L,6
1983,SBUX,B,2/7/2019,(68.8700),7,-482.090,1993,SBUX,S,2/7/2019,69.1300 ,7,483.910,0.020,483.890,1.820,0.378%,0,G,6
1983,SBUX,B,2/7/2019,(68.8700),15,-1033.050,1994,SBUX,S,2/7/2019,69.1300 ,15,1036.950,0.030,1036.920,3.900,0.378%,0,G,6
1983,SBUX,B,2/7/2019,(68.8700),2,-137.740,1995,SBUX,S,2/7/2019,69.1300 ,2,138.260,0.020,138.240,0.520,0.378%,0,G,6
1983,SBUX,B,2/7/2019,(68.8700),1,-68.870,1996,SBUX,S,2/7/2019,69.1300 ,1,69.130,0.020,69.110,0.260,0.378%,0,G,6
1983,SBUX,B,2/7/2019,(68.8700),1,-68.870,1997,SBUX,S,2/7/2019,69.1300 ,1,69.130,0.020,69.110,0.260,0.378%,0,G,6
1983,SBUX,B,2/7/2019,(68.8700),1,-68.870,1998,SBUX,S,2/7/2019,69.1300 ,1,69.130,0.020,69.110,0.260,0.378%,0,G,6
1983,SBUX,B,2/7/2019,(68.8700),1,-68.870,1999,SBUX,S,2/7/2019,69.1300 ,1,69.130,0.020,69.110,0.260,0.378%,0,G,6
1983,SBUX,B,2/7/2019,(68.8700),12,-826.440,2000,SBUX,S,2/7/2019,69.1300 ,12,829.560,0.030,829.530,3.120,0.378%,0,G,6
1916,SDS,B,2/7/2019,(36.5100),50,-1825.500,1958,SDS,S,2/7/2019,37.0101 ,50,1850.505,0.040,1850.465,25.005,1.370%,0,G,6
1917,SH,B,2/7/2019,(28.9799),70,-2028.593,1957,SH,S,2/7/2019,29.1701 ,70,2041.907,0.040,2041.867,13.314,0.656%,0,G,6
1960,SQ,B,2/7/2019,(71.3300),20,-1426.600,1962,SQ,S,2/7/2019,71.0900 ,20,1421.800,0.030,1421.770,-4.800,-0.336%,0,L,6
1977,SQ,B,2/7/2019,(71.6395),20,-1432.790,2047,SQ,S,2/8/2019,73.0237 ,20,1460.474,0.030,1460.444,27.684,1.932%,1,G,6
1940,TCEHY,B,2/7/2019,(44.4000),1,-44.400,1949,TCEHY,S,2/7/2019,44.0250 ,1,44.025,0.020,44.005,-0.375,-0.845%,0,L,6
1940,TCEHY,B,2/7/2019,(44.4000),29,-1287.600,1950,TCEHY,S,2/7/2019,44.0200 ,29,1276.580,0.030,1276.550,-11.020,-0.856%,0,L,6
1987,TCEHY,B,2/7/2019,(43.8800),30,-1316.400,2034,TCEHY,S,2/8/2019,43.7200 ,30,1311.600,0.030,1311.570,-4.800,-0.365%,1,L,6
1934,TMUS,B,2/7/2019,(67.3899),40,-2695.596,1953,TMUS,S,2/7/2019,67.7101 ,40,2708.404,0.050,2708.354,12.808,0.475%,0,G,6
1909,TVIX,B,2/7/2019,(37.7993),50,-1889.965,1935,TVIX,S,2/7/2019,37.4603 ,50,1873.015,0.040,1872.975,-16.950,-0.897%,0,L,6
1954,TVIX,B,2/7/2019,(39.6297),50,-1981.485,1956,TVIX,S,2/7/2019,40.1806 ,50,2009.030,0.040,2008.990,27.545,1.390%,0,G,6
1964,TVIX,B,2/7/2019,(40.0000),25,-1000.000,1969,TVIX,S,2/7/2019,39.4602 ,25,986.505,0.020,986.485,-13.495,-1.350%,0,L,6
1965,TVIX,B,2/7/2019,(40.0000),25,-1000.000,1969,TVIX,S,2/7/2019,39.4602 ,25,986.505,0.020,986.485,-13.495,-1.350%,0,L,6
1975,TVIX,B,2/7/2019,(40.0000),20,-800.000,1976,TVIX,S,2/7/2019,40.2110 ,20,804.220,0.030,804.190,4.220,0.528%,0,G,6
1910,VXXB,B,2/7/2019,(34.5200),50,-1726.000,1941,VXXB,S,2/7/2019,34.4805 ,50,1724.025,0.040,1723.985,-1.975,-0.114%,0,L,6
1955,VXXB,B,2/7/2019,(35.4396),50,-1771.980,1959,VXXB,S,2/7/2019,35.6500 ,50,1782.500,0.040,1782.460,10.520,0.594%,0,G,6
1968,VXXB,B,2/7/2019,(35.6396),50,-1781.980,1970,VXXB,S,2/7/2019,35.3101 ,50,1765.505,0.040,1765.465,-16.475,-0.925%,0,L,6
1938,YUM,B,2/7/2019,(93.5000),10,-935.000,1967,YUM,S,2/7/2019,94.2822 ,10,942.822,0.030,942.792,7.822,0.837%,0,G,6
2048,AMAT,B,2/8/2019,(39.7100),20,-794.200,2061,AMAT,S,2/8/2019,39.6800 ,20,793.600,0.030,793.570,-0.600,-0.076%,0,L,6
2051,BAC,B,2/8/2019,(28.2000),50,-1410.000,2064,BAC,S,2/8/2019,28.2300 ,50,1411.500,0.030,1411.470,1.500,0.106%,0,G,6
2006,CGC,B,2/8/2019,(46.6500),20,-933.000,2012,CGC,S,2/8/2019,46.2601 ,20,925.202,0.020,925.182,-7.798,-0.836%,0,L,6
2026,CGC,B,2/8/2019,(46.5394),30,-1396.182,2042,CGC,S,2/8/2019,45.8313 ,30,1374.939,0.030,1374.909,-21.243,-1.522%,0,L,6
2018,CRM,B,2/8/2019,(154.7400),10,-1547.400,2053,CRM,S,2/8/2019,156.3704 ,10,1563.704,0.040,1563.664,16.304,1.054%,0,G,6
2028,ETSY,B,2/8/2019,(51.3095),20,-1026.190,2036,ETSY,S,2/8/2019,51.4901 ,20,1029.802,0.030,1029.772,3.612,0.352%,0,G,6
2046,KO,B,2/8/2019,(49.2090),50,-2460.450,2055,KO,S,2/8/2019,49.4101 ,50,2470.505,0.050,2470.455,10.055,0.409%,0,G,6
2049,MU,B,2/8/2019,(38.6500),50,-1932.500,2063,MU,S,2/8/2019,38.5400 ,50,1927.000,0.040,1926.960,-5.500,-0.285%,0,L,6
2002,NBEV,B,2/8/2019,(6.4800),10,-64.800,2016,NBEV,S,2/8/2019,6.3902 ,10,63.902,0.010,63.892,-0.898,-1.386%,0,L,6
2003,NBEV,B,2/8/2019,(6.4800),90,-583.200,2016,NBEV,S,2/8/2019,6.3902 ,90,575.118,0.010,575.108,-8.082,-1.386%,0,L,6
2007,NBEV,B,2/8/2019,(6.4800),10,-64.800,2016,NBEV,S,2/8/2019,6.3902 ,10,63.902,0.010,63.892,-0.898,-1.386%,0,L,6
2008,NBEV,B,2/8/2019,(6.4800),90,-583.200,2016,NBEV,S,2/8/2019,6.3902 ,90,575.118,0.010,575.108,-8.082,-1.386%,0,L,6
2027,NFLX,B,2/8/2019,(342.8300),5,-1714.150,2052,NFLX,S,2/8/2019,346.9705 ,5,1734.853,0.040,1734.813,20.703,1.208%,0,G,6
2014,O,B,2/8/2019,(69.9900),20,-1399.800,2039,O,S,2/8/2019,69.7801 ,20,1395.602,0.030,1395.572,-4.198,-0.300%,0,L,6
2043,PG,B,2/8/2019,(97.3600),15,-1460.400,2057,PG,S,2/8/2019,97.5901 ,15,1463.852,0.030,1463.822,3.452,0.236%,0,G,6
2022,SBUX,B,2/8/2019,(68.9798),30,-2069.394,2035,SBUX,S,2/8/2019,69.6402 ,30,2089.206,0.040,2089.166,19.812,0.957%,0,G,6
2045,SBUX,B,2/8/2019,(69.4500),30,-2083.500,2062,SBUX,S,2/8/2019,69.7000 ,30,2091.000,0.040,2090.960,7.500,0.360%,0,G,6
2019,SLV,B,2/8/2019,(14.7900),100,-1479.000,2037,SLV,S,2/8/2019,14.8100 ,100,1481.000,0.030,1480.970,2.000,0.135%,0,G,6
2030,T,B,2/8/2019,(29.2800),50,-1464.000,2056,T,S,2/8/2019,29.4801 ,50,1474.005,0.030,1473.975,10.005,0.683%,0,G,6
2004,TVIX,B,2/8/2019,(39.9700),50,-1998.500,2009,TVIX,S,2/8/2019,39.2904 ,50,1964.520,0.040,1964.480,-33.980,-1.700%,0,L,6
2021,TVIX,B,2/8/2019,(39.7994),20,-795.988,2024,TVIX,S,2/8/2019,40.1806 ,20,803.612,0.030,803.582,7.624,0.958%,0,G,6
2033,TVIX,B,2/8/2019,(39.8600),30,-1195.800,2040,TVIX,S,2/8/2019,38.8500 ,30,1165.500,0.030,1165.470,-30.300,-2.534%,0,L,6
2005,VXXB,B,2/8/2019,(35.5100),50,-1775.500,2010,VXXB,S,2/8/2019,35.2100 ,50,1760.500,0.040,1760.460,-15.000,-0.845%,0,L,6
2020,VXXB,B,2/8/2019,(35.4394),20,-708.788,2025,VXXB,S,2/8/2019,35.6101 ,20,712.202,0.020,712.182,3.414,0.482%,0,G,6
2032,VXXB,B,2/8/2019,(35.4199),30,-1062.597,2041,VXXB,S,2/8/2019,34.9701 ,30,1049.103,0.030,1049.073,-13.494,-1.270%,0,L,6
2013,VZ,B,2/8/2019,(53.6500),30,-1609.500,2058,VZ,S,2/8/2019,53.9100 ,30,1617.300,0.040,1617.260,7.800,0.485%,0,G,6
2044,YUM,B,2/8/2019,(94.1299),15,-1411.949,2059,YUM,S,2/8/2019,94.4501 ,15,1416.752,0.030,1416.722,4.803,0.340%,0,G,6
2088,ACB,B,2/11/2019,(7.5800),100,-758.000,2065,ACB,S,2/12/2019,6.7000 ,100,670.000,0.020,669.980,-88.000,-11.609%,1,L,7
2089,AMAT,B,2/11/2019,(39.6500),40,-1586.000,2076,AMAT,S,2/12/2019,40.6650 ,40,1626.600,0.040,1626.560,40.600,2.560%,1,G,7
,BAC,B,2/11/2019,(28.4000),50,-1420.000,2116,BAC,S,2/13/2019,28.6801 ,50,1434.005,0.030,1433.975,14.005,0.986%,2,G,7
2090,INTC,B,2/11/2019,(49.0800),30,-1472.400,2079,INTC,S,2/12/2019,50.1302 ,30,1503.906,0.030,1503.876,31.506,2.140%,1,G,7
2091,IRM,B,2/11/2019,(36.7000),50,-1835.000,2073,IRM,S,2/12/2019,36.0701 ,50,1803.505,0.040,1803.465,-31.495,-1.716%,1,L,7
2092,GE,B,2/11/2019,(9.8800),150,-1482.000,2072,GE,S,2/12/2019,10.1302 ,150,1519.530,0.040,1519.490,37.530,2.532%,1,G,7
,KO,B,2/11/2019,(49.4100),30,-1482.300,2133,KO,S,2/14/2019,45.9000 ,30,1377.000,0.030,1376.970,-105.300,-7.104%,3,L,7
2093,NBEV,B,2/11/2019,(6.3100),100,-631.000,2083,NBEV,S,2/12/2019,6.5415 ,100,654.150,0.020,654.130,23.150,3.669%,1,G,7
,PEGI,B,2/11/2019,(21.2000),50,-1060.000,2196,PEGI,S,2/22/2019,21.2201 ,50,1061.005,0.030,1060.975,1.005,0.095%,11,G,8
,PFE,B,2/11/2019,(42.2400),40,-1689.600,2161,PFE,S,2/19/2019,42.8000 ,40,1712.000,0.040,1711.960,22.400,1.326%,8,G,8
2094,PG,B,2/11/2019,(97.9700),15,-1469.550,2082,PG,S,2/12/2019,98.9701 ,15,1484.552,0.030,1484.522,15.002,1.021%,1,G,7
,SBUX,B,2/11/2019,(70.1700),30,-2105.100,2108,SBUX,S,2/13/2019,70.3701 ,30,2111.103,0.040,2111.063,6.003,0.285%,2,G,7
2095,SQ,B,2/11/2019,(74.3800),20,-1487.600,2086,SQ,S,2/12/2019,75.5709 ,20,1511.418,0.030,1511.388,23.818,1.601%,1,G,7
,T,B,2/11/2019,(29.5700),30,-887.100,2139,T,S,2/15/2019,30.4300 ,30,912.900,0.030,912.870,25.800,2.908%,4,G,7
2096,TVIX,B,2/11/2019,(36.7000),30,-1101.000,2069,TVIX,S,2/12/2019,34.9004 ,30,1047.012,0.030,1046.982,-53.988,-4.904%,1,L,7
2097,VXXB,B,2/11/2019,(33.9300),30,-1017.900,2068,VXXB,S,2/12/2019,33.0204 ,30,990.612,0.030,990.582,-27.288,-2.681%,1,L,7
2098,WDC,B,2/11/2019,(46.5400),30,-1396.200,2084,WDC,S,2/12/2019,47.3004 ,30,1419.012,0.030,1418.982,22.812,1.634%,1,G,7
,YUM,B,2/11/2019,(94.5300),20,-1890.600,2177,YUM,S,2/21/2019,94.1700 ,20,1883.400,0.040,1883.360,-7.200,-0.381%,10,L,8
2067,ACB,B,2/12/2019,(6.8795),100,-687.950,2077,ACB,S,2/12/2019,7.3247 ,100,732.470,0.020,732.450,44.520,6.471%,0,G,7
2075,AMD,B,2/12/2019,(23.3800),50,-1169.000,2138,AMD,S,2/15/2019,23.9703 ,50,1198.515,0.020,1198.495,29.515,2.525%,3,G,7
2081,ATVI,B,2/12/2019,(41.0594),30,-1231.782,2087,ATVI,S,2/12/2019,41.8810 ,30,1256.430,0.030,1256.400,24.648,2.001%,0,G,7
2074,GE,B,2/12/2019,(10.0800),100,-1008.000,2106,GE,S,2/13/2019,10.2801 ,100,1028.010,0.030,1027.980,20.010,1.985%,1,G,7
2066,KMX,B,2/12/2019,(60.8700),30,-1826.100,2107,KMX,S,2/13/2019,61.3101 ,30,1839.303,0.040,1839.263,13.203,0.723%,1,G,7
2078,MU,B,2/12/2019,(39.5550),40,-1582.200,2085,MU,S,2/12/2019,40.1600 ,40,1606.400,0.040,1606.360,24.200,1.530%,0,G,7
2071,O,B,2/12/2019,(70.3191),20,-1406.382,2159,O,S,2/19/2019,69.9700 ,20,1399.400,0.020,1399.380,-6.982,-0.496%,7,L,8
2080,TCEHY,B,2/12/2019,(44.7700),30,-1343.100,2129,TCEHY,S,2/14/2019,42.8200 ,30,1284.600,0.030,1284.570,-58.500,-4.356%,2,L,7
2070,VZ,B,2/12/2019,(54.3900),20,-1087.800,2121,VZ,S,2/14/2019,54.2401 ,20,1084.802,0.030,1084.772,-2.998,-0.276%,2,L,7
2099,AMAT,B,2/13/2019,(40.9500),30,-1228.500,2136,AMAT,S,2/15/2019,38.6401 ,30,1159.203,0.030,1159.173,-69.297,-5.641%,2,L,7
2115,AMD,B,2/13/2019,(22.8799),40,-915.196,2138,AMD,S,2/15/2019,23.9703 ,40,958.812,0.020,958.792,43.616,4.766%,2,G,7
2109,CME,B,2/13/2019,(180.4892),10,-1804.892,2142,CME,S,2/15/2019,174.2500 ,10,1742.500,0.040,1742.460,-62.392,-3.457%,2,L,7
2100,IRM,B,2/13/2019,(35.8400),40,-1433.600,2128,IRM,S,2/14/2019,34.9902 ,40,1399.608,0.020,1399.588,-33.992,-2.371%,1,L,7
2113,IRM,B,2/13/2019,(35.8899),20,-717.798,2128,IRM,S,2/14/2019,34.9902 ,20,699.804,0.020,699.784,-17.994,-2.507%,1,L,7
2101,MU,B,2/13/2019,(40.9290),30,-1227.870,2105,MU,S,2/13/2019,41.9901 ,30,1259.703,0.030,1259.673,31.833,2.593%,0,G,7
2103,NKE,B,2/13/2019,(85.0800),20,-1701.600,2111,NKE,S,2/13/2019,85.3601 ,20,1707.202,0.040,1707.162,5.602,0.329%,0,G,7
2112,O,B,2/13/2019,(69.5700),20,-1391.400,2159,O,S,2/19/2019,69.9700 ,20,1399.400,0.030,1399.370,8.000,0.575%,6,G,8
2104,PG,B,2/13/2019,(99.3600),15,-1490.400,2110,PG,S,2/13/2019,99.0601 ,15,1485.902,0.030,1485.872,-4.498,-0.302%,0,L,7
2102,SQ,B,2/13/2019,(76.3400),20,-1526.800,2149,SQ,S,2/19/2019,76.3800 ,20,1527.600,0.030,1527.570,0.800,0.052%,6,G,8
2114,YUM,B,2/13/2019,(93.3250),1,-93.325,2176,YUM,S,2/21/2019,94.1700 ,1,94.170,0.020,94.150,0.845,0.905%,8,G,8
2114,YUM,B,2/13/2019,(93.3250),9,-839.925,2177,YUM,S,2/21/2019,94.1700 ,9,847.530,0.010,847.520,7.605,0.905%,8,G,8
2131,ABT,B,2/14/2019,(73.8250),20,-1476.500,2145,ABT,S,2/15/2019,74.9802 ,20,1499.604,0.030,1499.574,23.104,1.565%,1,G,7
2117,ACB,B,2/14/2019,(7.2893),100,-728.930,2148,ACB,S,2/19/2019,6.9600 ,100,696.000,0.020,695.980,-32.930,-4.518%,5,L,8
2119,BAC,B,2/14/2019,(28.4400),50,-1422.000,2140,BAC,S,2/15/2019,29.1104 ,50,1455.520,0.030,1455.490,33.520,2.357%,1,G,7
2132,ETSY,B,2/14/2019,(54.1700),20,-1083.400,2162,ETSY,S,2/19/2019,55.4000 ,20,1108.000,0.030,1107.970,24.600,2.271%,5,G,8
2130,FSLR,B,2/14/2019,(51.0800),20,-1021.600,2135,FSLR,S,2/15/2019,49.5620 ,20,991.240,0.030,991.210,-30.360,-2.972%,1,L,7
2124,GE,B,2/14/2019,(10.0750),90,-906.750,2197,GE,S,2/22/2019,10.1101 ,90,909.909,0.030,909.879,3.159,0.348%,8,G,8
2126,HAS,B,2/14/2019,(89.5500),5,-447.750,2137,HAS,S,2/15/2019,86.0604 ,5,430.302,0.010,430.292,-17.448,-3.897%,1,L,7
2127,HAS,B,2/14/2019,(89.5600),5,-447.800,2137,HAS,S,2/15/2019,86.0604 ,5,430.302,0.020,430.282,-17.498,-3.908%,1,L,7
2118,NFLX,B,2/14/2019,(349.8500),5,-1749.250,2125,NFLX,S,2/14/2019,354.2780 ,5,1771.390,0.040,1771.350,22.140,1.266%,0,G,7
2123,PG,B,2/14/2019,(98.7998),15,-1481.997,2198,PG,S,2/22/2019,100.0701 ,15,1501.052,0.030,1501.022,19.055,1.286%,8,G,8
2134,SLV,B,2/14/2019,(14.6200),50,-731.000,2165,SLV,S,2/19/2019,15.0000 ,50,750.000,0.020,749.980,19.000,2.599%,5,G,8
2120,VXXB,B,2/14/2019,(34.1396),30,-1024.188,2122,VXXB,S,2/14/2019,34.0800 ,30,1022.400,0.030,1022.370,-1.788,-0.175%,0,L,7
2141,CRM,B,2/15/2019,(158.9099),1,-158.910,2152,CRM,S,2/19/2019,159.8500 ,1,159.850,0.020,159.830,0.940,0.592%,4,G,8
2141,CRM,B,2/15/2019,(158.9099),9,-1430.189,2153,CRM,S,2/19/2019,159.8500 ,9,1438.650,0.030,1438.620,8.461,0.592%,4,G,8
2147,DOOR,B,2/15/2019,(57.2470),1,-57.247,2156,DOOR,S,2/19/2019,57.2900 ,1,57.290,0.020,57.270,0.043,0.075%,4,G,8
2147,DOOR,B,2/15/2019,(57.2470),19,-1087.693,2157,DOOR,S,2/19/2019,57.2900 ,19,1088.510,0.030,1088.480,0.817,0.075%,4,G,8
2146,NKE,B,2/15/2019,(85.2294),10,-852.294,2180,NKE,S,2/21/2019,83.5004 ,10,835.004,0.030,834.974,-17.290,-2.029%,6,L,8
2144,SBUX,B,2/15/2019,(70.3200),20,-1406.400,2158,SBUX,S,2/19/2019,70.3600 ,20,1407.200,0.030,1407.170,0.800,0.057%,4,G,8
2143,TCEHY,B,2/15/2019,(42.9400),40,-1717.600,2164,TCEHY,S,2/19/2019,43.4700 ,40,1738.800,0.040,1738.760,21.200,1.234%,4,G,8
2150,BAC,B,2/19/2019,(28.8300),50,-1441.500,2175,BAC,S,2/20/2019,29.4210 ,50,1471.050,0.030,1471.020,29.550,2.050%,1,G,8
2166,FAST,B,2/19/2019,(62.4898),20,-1249.796,2203,FAST,S,2/22/2019,62.7301 ,20,1254.602,0.030,1254.572,4.806,0.385%,3,G,8
2155,IRM,B,2/19/2019,(35.3500),40,-1414.000,2193,IRM,S,2/22/2019,36.0501 ,40,1442.004,0.030,1441.974,28.004,1.980%,3,G,8
2154,KO,B,2/19/2019,(45.4200),40,-1816.800,2195,KO,S,2/22/2019,45.7301 ,40,1829.204,0.040,1829.164,12.404,0.683%,3,G,8
2151,MU,B,2/19/2019,(41.8599),30,-1255.797,2174,MU,S,2/20/2019,42.5900 ,30,1277.700,0.030,1277.670,21.903,1.744%,1,G,8
2167,SYMC,B,2/19/2019,(23.0500),50,-1152.500,2178,SYMC,S,2/21/2019,22.3200 ,50,1116.000,0.030,1115.970,-36.500,-3.167%,2,L,8
2160,T,B,2/19/2019,(30.4899),40,-1219.596,2194,T,S,2/22/2019,31.0001 ,40,1240.004,0.030,1239.974,20.408,1.673%,3,G,8
2163,WDC,B,2/19/2019,(47.7998),30,-1433.994,2171,WDC,S,2/20/2019,48.9000 ,30,1467.000,0.030,1466.970,33.006,2.302%,1,G,8
2173,ABT,B,2/20/2019,(74.7962),20,-1495.924,2190,ABT,S,2/22/2019,76.2202 ,20,1524.404,0.030,1524.374,28.480,1.904%,2,G,8
2170,AMAT,B,2/20/2019,(39.0798),50,-1953.990,2200,AMAT,S,2/22/2019,38.9401 ,50,1947.005,0.040,1946.965,-6.985,-0.357%,2,L,8
2172,NBEV,B,2/20/2019,(6.3779),200,-1275.580,2179,NBEV,S,2/21/2019,6.2500 ,200,1250.000,0.040,1249.960,-25.580,-2.005%,1,L,8
2168,OC,B,2/20/2019,(53.6500),30,-1609.500,2181,OC,S,2/21/2019,51.9200 ,30,1557.600,0.040,1557.560,-51.900,-3.225%,1,L,8
2169,SBUX,B,2/20/2019,(70.3999),20,-1407.998,2199,SBUX,S,2/22/2019,71.1201 ,20,1422.402,0.030,1422.372,14.404,1.023%,2,G,8
2184,ETSY,B,2/21/2019,(53.4234),30,-1602.702,2189,ETSY,S,2/22/2019,54.9010 ,30,1647.030,0.040,1646.990,44.328,2.766%,1,G,8
2187,INTC,B,2/21/2019,(51.6000),30,-1548.000,2191,INTC,S,2/22/2019,52.6600 ,30,1579.800,0.040,1579.760,31.800,2.054%,1,G,8
2182,MU,B,2/21/2019,(42.1390),30,-1264.170,2188,MU,S,2/22/2019,42.2000 ,30,1266.000,0.030,1265.970,1.830,0.145%,1,G,8
2183,SQ,B,2/21/2019,(75.0200),20,-1500.400,2201,SQ,S,2/22/2019,75.0605 ,20,1501.210,0.030,1501.180,0.810,0.054%,1,G,8
2185,TCEHY,B,2/21/2019,(42.9600),30,-1288.800,2192,TCEHY,S,2/22/2019,43.9600 ,30,1318.800,0.030,1318.770,30.000,2.328%,1,G,8
2186,WDC,B,2/21/2019,(47.8800),30,-1436.400,2202,WDC,S,2/22/2019,47.8001 ,30,1434.003,0.030,1433.973,-2.397,-0.167%,1,L,8
2208,ADBE,B,2/22/2019,(259.4893),5,-1297.447,2213,ADBE,S,2/25/2019,259.9000 ,5,1299.500,0.030,1299.470,2.053,0.158%,3,G,9
2205,BAC,B,2/22/2019,(29.0300),60,-1741.800,2216,BAC,S,2/25/2019,29.5700 ,60,1774.200,0.040,1774.160,32.400,1.860%,3,G,9
2204,IRM,B,2/22/2019,(35.7300),50,-1786.500,2211,IRM,S,2/25/2019,35.1201 ,50,1756.005,0.040,1755.965,-30.495,-1.707%,3,L,9
2207,KO,B,2/22/2019,(45.2950),40,-1811.800,2235,KO,S,2/27/2019,44.5301 ,40,1781.204,0.040,1781.164,-30.596,-1.689%,5,L,9
2209,KR,B,2/22/2019,(28.5000),50,-1425.000,2244,KR,S,2/28/2019,29.2801 ,50,1464.005,0.030,1463.975,39.005,2.737%,6,G,9
2206,OC,B,2/22/2019,(51.1200),30,-1533.600,2221,OC,S,2/25/2019,50.1604 ,30,1504.812,0.030,1504.782,-28.788,-1.877%,3,L,9
2220,CVS,B,2/25/2019,(62.1290),30,-1863.870,2226,CVS,S,2/26/2019,60.7703 ,30,1823.109,0.040,1823.069,-40.761,-2.187%,1,L,9
2215,MSFT,B,2/25/2019,(111.8750),15,-1678.125,2233,MSFT,S,2/27/2019,111.5000 ,15,1672.500,0.040,1672.460,-5.625,-0.335%,2,L,9
2223,MU,B,2/25/2019,(42.9700),40,-1718.800,2232,MU,S,2/27/2019,41.6100 ,40,1664.400,0.040,1664.360,-54.400,-3.165%,2,L,9
2222,NKE,B,2/25/2019,(85.0100),20,-1700.200,2237,NKE,S,2/27/2019,85.2000 ,20,1704.000,0.040,1703.960,3.800,0.224%,2,G,9
2219,O,B,2/25/2019,(69.3000),20,-1386.000,2296,O,S,3/5/2019,69.8700 ,20,1397.400,0.030,1397.370,11.400,0.823%,8,G,10
2217,SBUX,B,2/25/2019,(71.5800),20,-1431.600,2238,SBUX,S,2/27/2019,70.2900 ,20,1405.800,0.030,1405.770,-25.800,-1.802%,2,L,9
2212,TCEHY,B,2/25/2019,(44.3800),30,-1331.400,2231,TCEHY,S,2/27/2019,43.5100 ,30,1305.300,0.030,1305.270,-26.100,-1.960%,2,L,9
2210,TMUS,B,2/25/2019,(73.2800),20,-1465.600,2239,TMUS,S,2/27/2019,71.8000 ,20,1436.000,0.030,1435.970,-29.600,-2.020%,2,L,9
2218,VZ,B,2/25/2019,(56.8400),30,-1705.200,2271,VZ,S,3/4/2019,56.9000 ,30,1707.000,0.040,1706.960,1.800,0.106%,7,G,10
2214,YUM,B,2/25/2019,(94.3898),15,-1415.847,2230,YUM,S,2/27/2019,92.7601 ,15,1391.402,0.030,1391.372,-24.446,-1.727%,2,L,9
2228,IRM,B,2/26/2019,(35.0100),50,-1750.500,2245,IRM,S,2/28/2019,35.6701 ,50,1783.505,0.040,1783.465,33.005,1.885%,2,G,9
2225,OC,B,2/26/2019,(49.7500),30,-1492.500,2253,OC,S,3/1/2019,49.9000 ,30,1497.000,0.030,1496.970,4.500,0.302%,3,G,9
2224,PFE,B,2/26/2019,(43.0150),30,-1290.450,2278,PFE,S,3/4/2019,43.1500 ,30,1294.500,0.030,1294.470,4.050,0.314%,6,G,10
2227,SYMC,B,2/26/2019,(22.7497),50,-1137.485,2265,SYMC,S,3/1/2019,22.3801 ,50,1119.005,0.030,1118.975,-18.480,-1.625%,3,L,9
2229,T,B,2/26/2019,(31.2850),40,-1251.400,2264,T,S,3/1/2019,30.8601 ,40,1234.404,0.030,1234.374,-16.996,-1.358%,3,L,9
2234,BAC,B,2/27/2019,(29.4200),50,-1471.000,2311,BAC,S,3/7/2019,28.4301 ,50,1421.505,0.030,1421.475,-49.495,-3.365%,8,L,10
2236,PG,B,2/27/2019,(99.5100),15,-1492.650,2259,PG,S,3/1/2019,97.9610 ,15,1469.415,0.030,1469.385,-23.235,-1.557%,2,L,9
2248,AMD,B,2/28/2019,(23.5900),2,-47.180,2256,AMD,S,3/1/2019,23.9000 ,2,47.800,0.020,47.780,0.620,1.314%,1,G,9
2248,AMD,B,2/28/2019,(23.5900),58,-1368.220,2257,AMD,S,3/1/2019,23.9000 ,58,1386.200,0.030,1386.170,17.980,1.314%,1,G,9
2250,AMZN,B,2/28/2019,"(1,642.3300)",1,-1642.330,2255,AMZN,S,3/1/2019,"1,655.9000 ",1,1655.900,0.040,1655.860,13.570,0.826%,1,G,9
2246,AVGO,B,2/28/2019,(274.6499),10,-2746.499,2254,AVGO,S,3/1/2019,274.9000 ,10,2749.000,0.050,2748.950,2.501,0.091%,1,G,9
2240,BND,B,2/28/2019,(79.9300),20,-1598.600,2332,BND,S,3/11/2019,80.0001 ,20,1600.002,0.040,1599.962,1.402,0.088%,11,G,11
2249,CRM,B,2/28/2019,(163.6779),10,-1636.779,2251,CRM,S,3/1/2019,163.9210 ,10,1639.210,0.040,1639.170,2.431,0.149%,1,G,9
2242,FSLR,B,2/28/2019,(52.4000),30,-1572.000,2263,FSLR,S,3/1/2019,52.9000 ,30,1587.000,0.040,1586.960,15.000,0.954%,1,G,9
2243,NKE,B,2/28/2019,(86.0400),15,-1290.600,2252,NKE,S,3/1/2019,86.9000 ,15,1303.500,0.030,1303.470,12.900,1.000%,1,G,9
2241,SBUX,B,2/28/2019,(70.2900),20,-1405.800,2276,SBUX,S,3/4/2019,70.9000 ,20,1418.000,0.030,1417.970,12.200,0.868%,4,G,10
2247,WDC,B,2/28/2019,(49.4296),30,-1482.888,2258,WDC,S,3/1/2019,50.9000 ,30,1527.000,0.030,1526.970,44.112,2.975%,1,G,9
2269,AMD,B,3/1/2019,(23.7398),70,-1661.786,2275,AMD,S,3/4/2019,23.7600 ,70,1663.200,0.040,1663.160,1.414,0.085%,3,G,10
2268,CRM,B,3/1/2019,(164.3900),10,-1643.900,2310,CRM,S,3/7/2019,154.9709 ,10,1549.709,0.040,1549.669,-94.191,-5.730%,6,L,10
2262,INTC,B,3/1/2019,(53.3598),30,-1600.794,2277,INTC,S,3/4/2019,53.4500 ,30,1603.500,0.040,1603.460,2.706,0.169%,3,G,10
2260,IRM,B,3/1/2019,(35.0500),40,-1402.000,2273,IRM,S,3/4/2019,35.7501 ,40,1430.004,0.030,1429.974,28.004,1.997%,3,G,10
2261,NFLX,B,3/1/2019,(360.3700),5,-1801.850,2272,NFLX,S,3/4/2019,361.0000 ,5,1805.000,0.040,1804.960,3.150,0.175%,3,G,10
2270,SQ,B,3/1/2019,(77.8100),20,-1556.200,2312,SQ,S,3/7/2019,74.5716 ,20,1491.432,0.030,1491.402,-64.768,-4.162%,6,L,10
2266,TMUS,B,3/1/2019,(72.1700),20,-1443.400,2316,TMUS,S,3/7/2019,70.7400 ,20,1414.800,0.030,1414.770,-28.600,-1.981%,6,L,10
2267,VFC,B,3/1/2019,(87.2800),15,-1309.200,2274,VFC,S,3/4/2019,87.3200 ,15,1309.800,0.030,1309.770,0.600,0.046%,3,G,10
2282,AMAT,B,3/4/2019,(38.7000),40,-1548.000,2293,AMAT,S,3/5/2019,38.9900 ,40,1559.600,0.040,1559.560,11.600,0.749%,1,G,10
2289,AVGO,B,3/4/2019,(273.0660),5,-1365.330,2291,AVGO,S,3/5/2019,275.2060 ,5,1376.030,0.030,1376.000,10.700,0.784%,1,G,10
2283,ETSY,B,3/4/2019,(68.0821),25,-1702.053,2294,ETSY,S,3/5/2019,69.5835 ,25,1739.588,0.040,1739.548,37.535,2.205%,1,G,10
2288,FAST,B,3/4/2019,(62.3800),25,-1559.500,2319,FAST,S,3/7/2019,61.6401 ,25,1541.003,0.040,1540.963,-18.498,-1.186%,3,L,10
2284,KO,B,3/4/2019,(45.4000),30,-1362.000,2299,KO,S,3/5/2019,45.4401 ,30,1363.203,0.030,1363.173,1.203,0.088%,1,G,10
2281,MU,B,3/4/2019,(40.8300),40,-1633.200,2313,MU,S,3/7/2019,37.2800 ,40,1491.200,0.030,1491.170,-142.000,-8.695%,3,L,10
2287,NFLX,B,3/4/2019,(351.2300),5,-1756.150,2298,NFLX,S,3/5/2019,355.5500 ,5,1777.750,0.040,1777.710,21.600,1.230%,1,G,10
2280,NKE,B,3/4/2019,(85.5590),20,-1711.180,2295,NKE,S,3/5/2019,86.2002 ,20,1724.004,0.040,1723.964,12.824,0.749%,1,G,10
2286,PFE,B,3/4/2019,(42.9999),40,-1719.996,2314,PFE,S,3/7/2019,41.7433 ,40,1669.732,0.030,1669.702,-50.264,-2.922%,3,L,10
2285,PG,B,3/4/2019,(97.9600),15,-1469.400,2290,PG,S,3/5/2019,99.4200 ,15,1491.300,0.030,1491.270,21.900,1.490%,1,G,10
2279,SBUX,B,3/4/2019,(70.5599),20,-1411.198,2292,SBUX,S,3/5/2019,71.2900 ,20,1425.800,0.030,1425.770,14.602,1.035%,1,G,10
2301,ABBV,B,3/5/2019,(79.1398),20,-1582.796,2331,ABBV,S,3/11/2019,77.5101 ,20,1550.202,0.040,1550.162,-32.594,-2.059%,6,L,11
2306,ABT,B,3/5/2019,(78.4100),25,-1960.250,2315,ABT,S,3/7/2019,77.5800 ,25,1939.500,0.040,1939.460,-20.750,-1.059%,2,L,10
2305,BAC,B,3/5/2019,(28.9990),20,-579.980,2311,BAC,S,3/7/2019,28.4301 ,20,568.602,0.010,568.592,-11.378,-1.962%,2,L,10
2307,GE,B,3/5/2019,(9.7999),100,-979.990,2341,GE,S,3/11/2019,9.9201 ,100,992.010,0.030,991.980,12.020,1.227%,6,G,11
2300,IRM,B,3/5/2019,(35.4200),50,-1771.000,2318,IRM,S,3/7/2019,34.9401 ,50,1747.005,0.040,1746.965,-23.995,-1.355%,2,L,10
2303,NFLX,B,3/5/2019,(354.0400),5,-1770.200,2308,NFLX,S,3/6/2019,355.5440 ,5,1777.720,0.040,1777.680,7.520,0.425%,1,G,10
2297,NKE,B,3/5/2019,(85.9490),20,-1718.980,2352,NKE,S,3/12/2019,85.4101 ,20,1708.202,0.040,1708.162,-10.778,-0.627%,7,L,11
2304,PFE,B,3/5/2019,(42.9050),40,-1716.200,2314,PFE,S,3/7/2019,41.7433 ,40,1669.732,0.030,1669.702,-46.468,-2.708%,2,L,10
2302,T,B,3/5/2019,(29.9600),60,-1797.600,2339,T,S,3/11/2019,30.2001 ,60,1812.006,0.040,1811.966,14.406,0.801%,6,G,11
2309,SLV,B,3/6/2019,(14.1499),100,-1414.990,2336,SLV,S,3/11/2019,14.3450 ,100,1434.500,0.030,1434.470,19.510,1.379%,5,G,11
2317,PFE,B,3/7/2019,(41.7750),30,-1253.250,2350,PFE,S,3/12/2019,41.9050 ,30,1257.150,0.030,1257.120,3.900,0.311%,5,G,11
2328,ABT,B,3/8/2019,(76.6400),15,-1149.600,2340,ABT,S,3/11/2019,77.4150 ,15,1161.225,0.030,1161.195,11.625,1.011%,3,G,11
2322,ACB,B,3/8/2019,(7.3300),17,-124.610,2333,ACB,S,3/11/2019,7.9322 ,17,134.847,0.010,134.837,10.237,8.216%,3,G,11
2323,ACB,B,3/8/2019,(7.3300),83,-608.390,2333,ACB,S,3/11/2019,7.9322 ,83,658.373,0.020,658.353,49.983,8.216%,3,G,11
2326,MSFT,B,3/8/2019,(109.3300),10,-1093.300,2334,MSFT,S,3/11/2019,112.0000 ,10,1120.000,0.030,1119.970,26.700,2.442%,3,G,11
2327,O,B,3/8/2019,(69.9900),20,-1399.800,2343,O,S,3/11/2019,70.6100 ,20,1412.200,0.030,1412.170,12.400,0.886%,3,G,11
2325,PG,B,3/8/2019,(98.6600),15,-1479.900,2342,PG,S,3/11/2019,99.3904 ,15,1490.856,0.030,1490.826,10.956,0.740%,3,G,11
2324,SBUX,B,3/8/2019,(70.3100),20,-1406.200,2349,SBUX,S,3/12/2019,70.5101 ,20,1410.202,0.030,1410.172,4.002,0.285%,4,G,11
2321,TVIX,B,3/8/2019,(36.4900),40,-1459.600,2329,TVIX,S,3/11/2019,32.4301 ,40,1297.204,0.030,1297.174,-162.396,-11.126%,3,L,11
2320,UVXY,B,3/8/2019,(50.1900),30,-1505.700,2330,UVXY,S,3/11/2019,45.7901 ,30,1373.703,0.030,1373.673,-131.997,-8.766%,3,L,11
2335,JNJ,B,3/11/2019,(137.8600),10,-1378.600,2345,JNJ,S,3/12/2019,139.0707 ,10,1390.707,0.030,1390.677,12.107,0.878%,1,G,11
2337,KR,B,3/11/2019,(24.5000),50,-1225.000,2346,KR,S,3/12/2019,24.4150 ,50,1220.750,0.030,1220.720,-4.250,-0.347%,1,L,11
2338,SQ,B,3/11/2019,(75.1596),20,-1503.192,2344,SQ,S,3/12/2019,77.5101 ,20,1550.202,0.040,1550.162,47.010,3.127%,1,G,11
2347,GLD,B,3/12/2019,(122.5800),15,-1838.700,2378,GLD,S,3/13/2019,123.7001 ,15,1855.502,0.040,1855.462,16.802,0.914%,1,G,11
2354,INTC,B,3/12/2019,(53.6299),30,-1608.897,2357,INTC,S,3/13/2019,53.9000 ,30,1617.000,0.040,1616.960,8.103,0.504%,1,G,11
2353,SBUX,B,3/12/2019,(70.1400),30,-2104.200,2371,SBUX,S,3/13/2019,70.8700 ,30,2126.100,0.040,2126.060,21.900,1.041%,1,G,11
2351,UVXY,B,3/12/2019,(41.2000),40,-1648.000,2359,UVXY,S,3/13/2019,39.9500 ,40,1598.000,0.040,1597.960,-50.000,-3.034%,1,L,11
2348,YUM,B,3/12/2019,(97.4300),15,-1461.450,2375,YUM,S,3/13/2019,98.7801 ,15,1481.702,0.030,1481.672,20.252,1.386%,1,G,11
2360,ABT,B,3/13/2019,(78.4650),15,-1176.975,2366,ABT,S,3/13/2019,78.6010 ,15,1179.015,0.030,1178.985,2.040,0.173%,0,G,11
2358,CRON,B,3/13/2019,(21.7100),50,-1085.500,2362,CRON,S,3/13/2019,21.9000 ,50,1095.000,0.030,1094.970,9.500,0.875%,0,G,11
2372,CRON,B,3/13/2019,(21.4248),60,-1285.488,2386,CRON,S,3/14/2019,20.8835 ,60,1253.010,0.030,1252.980,-32.478,-2.527%,1,L,11
2369,KO,B,3/13/2019,(46.0000),30,-1380.000,2379,KO,S,3/13/2019,46.3201 ,30,1389.603,0.030,1389.573,9.603,0.696%,0,G,11
2374,KR,B,3/13/2019,(24.8200),50,-1241.000,2395,KR,S,3/14/2019,24.6601 ,50,1233.005,0.030,1232.975,-7.995,-0.644%,1,L,11
2365,MU,B,3/13/2019,(39.1800),50,-1959.000,2380,MU,S,3/13/2019,38.9001 ,50,1945.005,0.040,1944.965,-13.995,-0.714%,0,L,11
2356,NFLX,B,3/13/2019,(355.8341),5,-1779.171,2363,NFLX,S,3/13/2019,355.9000 ,5,1779.500,0.040,1779.460,0.330,0.019%,0,G,11
2367,NFLX,B,3/13/2019,(354.5400),5,-1772.700,2370,NFLX,S,3/13/2019,358.2401 ,5,1791.201,0.040,1791.161,18.500,1.044%,0,G,11
2355,PFE,B,3/13/2019,(41.8400),30,-1255.200,2373,PFE,S,3/13/2019,41.9000 ,30,1257.000,0.030,1256.970,1.800,0.143%,0,G,11
2377,SBUX,B,3/13/2019,(70.5099),20,-1410.198,2397,SBUX,S,3/14/2019,70.3600 ,20,1407.200,0.030,1407.170,-2.998,-0.213%,1,L,11
2364,T,B,3/13/2019,(30.4400),50,-1522.000,2396,T,S,3/14/2019,30.2901 ,50,1514.505,0.030,1514.475,-7.495,-0.492%,1,L,11
2376,TCEHY,B,3/13/2019,(45.8500),38,-1742.300,2390,TCEHY,S,3/14/2019,45.2700 ,38,1720.260,0.040,1720.220,-22.040,-1.265%,1,L,11
2361,VZ,B,3/13/2019,(57.4050),30,-1722.150,2368,VZ,S,3/13/2019,57.4500 ,30,1723.500,0.040,1723.460,1.350,0.078%,0,G,11
2383,ABT,B,3/14/2019,(78.3553),30,-2350.659,2393,ABT,S,3/14/2019,78.2110 ,30,2346.330,0.050,2346.280,-4.329,-0.184%,0,L,11
2414,ABT,B,3/14/2019,(78.3758),30,-2351.274,2416,ABT,S,3/14/2019,78.9700 ,30,2369.100,0.050,2369.050,17.826,0.758%,0,G,11
2426,ABT,B,3/14/2019,(78.7950),20,-1575.900,2442,ABT,S,3/15/2019,79.1700 ,20,1583.400,0.040,1583.360,7.500,0.476%,1,G,11
2420,AMAT,B,3/14/2019,(38.9599),50,-1947.995,2436,AMAT,S,3/15/2019,39.8901 ,50,1994.505,0.040,1994.465,46.510,2.388%,1,G,11
2423,AMD,B,3/14/2019,(23.0200),50,-1151.000,2438,AMD,S,3/15/2019,23.3401 ,50,1167.005,0.030,1166.975,16.005,1.391%,1,G,11
2403,AON,B,3/14/2019,(168.1400),10,-1681.400,2411,AON,S,3/14/2019,168.3801 ,10,1683.801,0.040,1683.761,2.401,0.143%,0,G,11
2433,AVGO,B,3/14/2019,(270.1900),5,-1350.950,2434,AVGO,S,3/14/2019,283.0000 ,5,1415.000,0.030,1414.970,64.050,4.741%,0,G,11
2404,ETSY,B,3/14/2019,(70.1300),15,-1051.950,2408,ETSY,S,3/14/2019,70.4869 ,15,1057.304,0.030,1057.274,5.354,0.509%,0,G,11
2402,GLD,B,3/14/2019,(122.4100),15,-1836.150,2439,GLD,S,3/15/2019,123.1200 ,15,1846.800,0.040,1846.760,10.650,0.580%,1,G,11
2381,GPS,B,3/14/2019,(25.8000),40,-1032.000,2392,GPS,S,3/14/2019,25.4701 ,40,1018.804,0.030,1018.774,-13.196,-1.279%,0,L,11
2387,INTC,B,3/14/2019,(53.9700),30,-1619.100,2400,INTC,S,3/14/2019,53.7601 ,30,1612.803,0.040,1612.763,-6.297,-0.389%,0,L,11
2406,INTC,B,3/14/2019,(53.8400),30,-1615.200,2415,INTC,S,3/14/2019,53.8001 ,30,1614.003,0.040,1613.963,-1.197,-0.074%,0,L,11
2388,IRM,B,3/14/2019,(34.7500),40,-1390.000,2401,IRM,S,3/14/2019,34.7801 ,40,1391.204,0.030,1391.174,1.204,0.087%,0,G,11
2431,KO,B,3/14/2019,(45.7900),50,-2289.500,2445,KO,S,3/15/2019,45.8201 ,50,2291.005,0.040,2290.965,1.505,0.066%,1,G,11
2432,KR,B,3/14/2019,(24.8700),50,-1243.500,2444,KR,S,3/15/2019,24.5705 ,50,1228.525,0.030,1228.495,-14.975,-1.204%,1,L,11
2422,MAS,B,3/14/2019,(38.9199),50,-1945.995,2441,MAS,S,3/15/2019,39.0901 ,50,1954.505,0.040,1954.465,8.510,0.437%,1,G,11
2425,NBEV,B,3/14/2019,(5.3078),100,-530.780,2435,NBEV,S,3/15/2019,5.3200 ,100,532.000,0.020,531.980,1.220,0.230%,1,G,11
2419,NFLX,B,3/14/2019,(360.8300),5,-1804.150,2443,NFLX,S,3/15/2019,361.7420 ,5,1808.710,0.040,1808.670,4.560,0.253%,1,G,11
2384,NKE,B,3/14/2019,(86.0400),20,-1720.800,2394,NKE,S,3/14/2019,85.7601 ,20,1715.202,0.040,1715.162,-5.598,-0.325%,0,L,11
2405,NKE,B,3/14/2019,(85.8999),15,-1288.499,2417,NKE,S,3/14/2019,86.2001 ,15,1293.002,0.030,1292.972,4.503,0.349%,0,G,11
2409,O,B,3/14/2019,(71.3600),30,-2140.800,2413,O,S,3/14/2019,71.4301 ,30,2142.903,0.040,2142.863,2.103,0.098%,0,G,11
2382,PFE,B,3/14/2019,(41.9650),30,-1258.950,2391,PFE,S,3/14/2019,41.7250 ,30,1251.750,0.030,1251.720,-7.200,-0.572%,0,L,11
2421,REGN,B,3/14/2019,(409.0474),5,-2045.237,2440,REGN,S,3/15/2019,410.8604 ,5,2054.302,0.040,2054.262,9.065,0.443%,1,G,11
2424,T,B,3/14/2019,(30.2600),50,-1513.000,2437,T,S,3/15/2019,30.5907 ,50,1529.535,0.030,1529.505,16.535,1.093%,1,G,11
2407,TMUS,B,3/14/2019,(72.1300),30,-2163.900,2418,TMUS,S,3/14/2019,72.2900 ,30,2168.700,0.040,2168.660,4.800,0.222%,0,G,11
2428,TVIX,B,3/14/2019,(26.7497),50,-1337.485,2429,TVIX,S,3/14/2019,26.7200 ,50,1336.000,0.030,1335.970,-1.485,-0.111%,0,L,11
2427,UVXY,B,3/14/2019,(39.2100),50,-1960.500,2430,UVXY,S,3/14/2019,39.0300 ,50,1951.500,0.040,1951.460,-9.000,-0.459%,0,L,11
2385,VZ,B,3/14/2019,(57.7100),20,-1154.200,2399,VZ,S,3/14/2019,57.5301 ,20,1150.602,0.030,1150.572,-3.598,-0.312%,0,L,11
2389,WDC,B,3/14/2019,(48.3600),30,-1450.800,2398,WDC,S,3/14/2019,48.2001 ,30,1446.003,0.030,1445.973,-4.797,-0.331%,0,L,11
2410,WDC,B,3/14/2019,(48.0450),30,-1441.350,2412,WDC,S,3/14/2019,47.6400 ,30,1429.200,0.030,1429.170,-12.150,-0.843%,0,L,11
2448,ABBV,B,3/15/2019,(79.2300),20,-1584.600,2459,ABBV,S,3/18/2019,81.3901 ,20,1627.802,0.040,1627.762,43.202,2.726%,3,G,12
2452,ADBE,B,3/15/2019,(255.2880),5,-1276.440,2464,ADBE,S,3/18/2019,256.0337 ,5,1280.169,0.030,1280.139,3.728,0.292%,3,G,12
2453,FAST,B,3/15/2019,(62.4100),30,-1872.300,2458,FAST,S,3/18/2019,62.7201 ,30,1881.603,0.040,1881.563,9.303,0.497%,3,G,12
2456,GE,B,3/15/2019,(10.0499),100,-1004.990,2462,GE,S,3/18/2019,10.0900 ,100,1009.000,0.030,1008.970,4.010,0.399%,3,G,12
2446,IRM,B,3/15/2019,(34.8300),50,-1741.500,2465,IRM,S,3/18/2019,34.9101 ,50,1745.505,0.040,1745.465,4.005,0.230%,3,G,12
2449,KO,B,3/15/2019,(45.7299),30,-1371.897,2466,KO,S,3/18/2019,45.5801 ,30,1367.403,0.030,1367.373,-4.494,-0.328%,3,L,12
2447,MAS,B,3/15/2019,(38.9050),40,-1556.200,2463,MAS,S,3/18/2019,39.0101 ,40,1560.404,0.040,1560.364,4.204,0.270%,3,G,12
2451,NFLX,B,3/15/2019,(360.4400),5,-1802.200,2457,NFLX,S,3/18/2019,368.3380 ,5,1841.690,0.040,1841.650,39.490,2.191%,3,G,12
2450,PFE,B,3/15/2019,(41.0750),30,-1232.250,2460,PFE,S,3/18/2019,41.9210 ,30,1257.630,0.030,1257.600,25.380,2.060%,3,G,12
2455,WDC,B,3/15/2019,(48.3400),30,-1450.200,2461,WDC,S,3/18/2019,48.3600 ,30,1450.800,0.030,1450.770,0.600,0.041%,3,G,12
2454,XRAY,B,3/15/2019,(49.1399),30,-1474.197,2454,XRAY,S,3/18/2019,49.9400 ,30,1498.200,0.030,1498.170,24.003,1.628%,3,G,12
2483,ABT,B,3/18/2019,(78.5063),30,-2355.189,2500,ABT,S,3/19/2019,79.6142 ,30,2388.426,0.050,2388.376,33.237,1.411%,1,G,12
2469,ADBE,B,3/18/2019,(256.2375),15,-3843.563,2474,ADBE,S,3/18/2019,254.2100 ,15,3813.150,0.060,3813.090,-30.412,-0.791%,0,L,12
2470,KMX,B,3/18/2019,(60.7800),30,-1823.400,2476,KMX,S,3/18/2019,60.6400 ,30,1819.200,0.040,1819.160,-4.200,-0.230%,0,L,12
2485,KO,B,3/18/2019,(45.5050),50,-2275.250,2495,KO,S,3/19/2019,45.5750 ,50,2278.750,0.040,2278.710,3.500,0.154%,1,G,12
2467,KR,B,3/18/2019,(24.3400),50,-1217.000,2473,KR,S,3/18/2019,24.4101 ,50,1220.505,0.030,1220.475,3.505,0.288%,0,G,12
2484,MAS,B,3/18/2019,(39.2200),30,-1176.600,2503,MAS,S,3/19/2019,39.2500 ,30,1177.500,0.030,1177.470,0.900,0.076%,1,G,12
2477,PFE,B,3/18/2019,(41.8450),50,-2092.250,2505,PFE,S,3/19/2019,42.2109 ,50,2110.545,0.040,2110.505,18.295,0.874%,1,G,12
2468,PG,B,3/18/2019,(102.0300),20,-2040.600,2475,PG,S,3/18/2019,101.4700 ,20,2029.400,0.040,2029.360,-11.200,-0.549%,0,L,12
2481,PG,B,3/18/2019,(101.4700),1,-101.470,2488,PG,S,3/19/2019,101.8000 ,1,101.800,0.020,101.780,0.330,0.325%,1,G,12
2481,PG,B,3/18/2019,(101.4700),19,-1927.930,2489,PG,S,3/19/2019,101.8000 ,19,1934.200,0.040,1934.160,6.270,0.325%,1,G,12
2479,SBUX,B,3/18/2019,(70.6100),30,-2118.300,2486,SBUX,S,3/19/2019,70.9000 ,30,2127.000,0.040,2126.960,8.700,0.411%,1,G,12
2482,SQ,B,3/18/2019,(74.9600),20,-1499.200,2501,SQ,S,3/19/2019,77.0110 ,20,1540.220,0.040,1540.180,41.020,2.736%,1,G,12
2478,T,B,3/18/2019,(30.7400),50,-1537.000,2496,T,S,3/19/2019,30.7900 ,50,1539.500,0.040,1539.460,2.500,0.163%,1,G,12
2471,WDC,B,3/18/2019,(48.2600),50,-2413.000,2472,WDC,S,3/18/2019,48.4501 ,50,2422.505,0.050,2422.455,9.505,0.394%,0,G,12
2480,WDC,B,3/18/2019,(48.0700),50,-2403.500,2492,WDC,S,3/19/2019,48.1500 ,50,2407.500,0.050,2407.450,4.000,0.166%,1,G,12
2515,ADBE,B,3/19/2019,(259.5890),10,-2595.890,2547,ADBE,S,3/21/2019,261.9500 ,10,2619.500,0.050,2619.450,23.610,0.910%,2,G,12
2510,FAST,B,3/19/2019,(62.7250),30,-1881.750,2530,FAST,S,3/20/2019,63.0500 ,30,1891.500,0.040,1891.460,9.750,0.518%,1,G,12
2516,GE,B,3/19/2019,(10.1799),200,-2035.980,2533,GE,S,3/20/2019,10.2500 ,200,2050.000,0.050,2049.950,14.020,0.689%,1,G,12
2513,INTC,B,3/19/2019,(54.2400),50,-2712.000,2553,INTC,S,3/21/2019,54.5300 ,50,2726.500,0.050,2726.450,14.500,0.535%,2,G,12
2498,KO,B,3/19/2019,(45.5599),60,-2733.594,2502,KO,S,3/19/2019,45.5800 ,60,2734.800,0.050,2734.750,1.206,0.044%,0,G,12
2506,KO,B,3/19/2019,(45.4893),50,-2274.465,2528,KO,S,3/20/2019,45.8000 ,50,2290.000,0.040,2289.960,15.535,0.683%,1,G,12
2493,KR,B,3/19/2019,(24.5100),90,-2205.900,2494,KR,S,3/19/2019,24.5301 ,90,2207.709,0.040,2207.669,1.809,0.082%,0,G,12
2511,MAS,B,3/19/2019,(39.0850),60,-2345.100,2520,MAS,S,3/20/2019,38.6800 ,60,2320.800,0.050,2320.750,-24.300,-1.036%,1,L,12
2514,NFLX,B,3/19/2019,(358.4000),10,-3584.000,2523,NFLX,S,3/20/2019,363.7700 ,10,3637.700,0.060,3637.640,53.700,1.498%,1,G,12
2491,NKE,B,3/19/2019,(87.9090),30,-2637.270,2499,NKE,S,3/19/2019,87.4800 ,30,2624.400,0.050,2624.350,-12.870,-0.488%,0,L,12
2508,NKE,B,3/19/2019,(87.7500),30,-2632.500,2526,NKE,S,3/20/2019,86.8700 ,30,2606.100,0.050,2606.050,-26.400,-1.003%,1,L,12
2509,PG,B,3/19/2019,(101.5500),20,-2031.000,2531,PG,S,3/20/2019,102.0500 ,20,2041.000,0.040,2040.960,10.000,0.492%,1,G,12
2487,SBUX,B,3/19/2019,(71.0097),50,-3550.485,2490,SBUX,S,3/19/2019,71.0100 ,50,3550.500,0.060,3550.440,0.015,0.000%,0,G,12
2497,SBUX,B,3/19/2019,(71.0999),30,-2132.997,2504,SBUX,S,3/19/2019,71.3000 ,30,2139.000,0.040,2138.960,6.003,0.281%,0,G,12
2512,TMUS,B,3/19/2019,(72.8894),30,-2186.682,2554,TMUS,S,3/21/2019,72.0902 ,30,2162.706,0.040,2162.666,-23.976,-1.096%,2,L,12
2507,YUM,B,3/19/2019,(99.4300),20,-1988.600,2517,YUM,S,3/20/2019,98.4300 ,20,1968.600,0.040,1968.560,-20.000,-1.006%,1,L,12
2521,AMAT,B,3/20/2019,(40.0698),50,-2003.490,2525,AMAT,S,3/20/2019,39.6600 ,50,1983.000,0.040,1982.960,-20.490,-1.023%,0,L,12
2518,CSCO,B,3/20/2019,(52.9992),30,-1589.976,2527,CSCO,S,3/20/2019,53.8000 ,30,1614.000,0.040,1613.960,24.024,1.511%,0,G,12
2522,MU,B,3/20/2019,(39.9500),13,-519.350,2534,MU,S,3/20/2019,40.3000 ,13,523.900,0.020,523.880,4.550,0.876%,0,G,12
2519,PFE,B,3/20/2019,(42.0950),25,-1052.375,2529,PFE,S,3/20/2019,42.3010 ,25,1057.525,0.030,1057.495,5.150,0.489%,0,G,12
2524,T,B,3/20/2019,(30.5000),50,-1525.000,2532,T,S,3/20/2019,30.6500 ,50,1532.500,0.030,1532.470,7.500,0.492%,0,G,12
2539,AMAT,B,3/21/2019,(39.7500),70,-2782.500,2546,AMAT,S,3/21/2019,40.6000 ,70,2842.000,0.050,2841.950,59.500,2.138%,0,G,12
2538,BAC,B,3/21/2019,(28.5100),80,-2280.800,2557,BAC,S,3/21/2019,28.2801 ,80,2262.408,0.040,2262.368,-18.392,-0.806%,0,L,12
2535,CRON,B,3/21/2019,(21.3600),70,-1495.200,2555,CRON,S,3/21/2019,20.8117 ,70,1456.819,0.030,1456.789,-38.381,-2.567%,0,L,12
2540,FAST,B,3/21/2019,(62.6700),30,-1880.100,2550,FAST,S,3/21/2019,63.1103 ,30,1893.309,0.040,1893.269,13.209,0.703%,0,G,12
2558,KO,B,3/21/2019,(45.5500),50,-2277.500,2573,KO,S,3/22/2019,46.0001 ,50,2300.005,0.040,2299.965,22.505,0.988%,1,G,12
2544,PG,B,3/21/2019,(101.6900),20,-2033.800,2551,PG,S,3/21/2019,102.3305 ,20,2046.610,0.040,2046.570,12.810,0.630%,0,G,12
2537,T,B,3/21/2019,(30.4900),70,-2134.300,2549,T,S,3/21/2019,30.7101 ,70,2149.707,0.040,2149.667,15.407,0.722%,0,G,12
2545,TCEHY,B,3/21/2019,(45.6000),50,-2280.000,2556,TCEHY,S,3/21/2019,46.0500 ,50,2302.500,0.040,2302.460,22.500,0.987%,0,G,12
2541,VFC,B,3/21/2019,(84.9500),1,-84.950,2552,VFC,S,3/21/2019,85.6042 ,1,85.604,0.010,85.594,0.654,0.770%,0,G,12
2542,VFC,B,3/21/2019,(84.9500),10,-849.500,2552,VFC,S,3/21/2019,85.6042 ,10,856.042,0.010,856.032,6.542,0.770%,0,G,12
2543,VFC,B,3/21/2019,(84.9500),4,-339.800,2552,VFC,S,3/21/2019,85.6042 ,4,342.417,0.010,342.407,2.617,0.770%,0,G,12
2536,YUM,B,3/21/2019,(98.4000),15,-1476.000,2548,YUM,S,3/21/2019,99.1600 ,15,1487.400,0.030,1487.370,11.400,0.772%,0,G,12
2565,FAST,B,3/22/2019,(62.9000),30,-1887.000,2569,FAST,S,3/22/2019,62.3101 ,30,1869.303,0.040,1869.263,-17.697,-0.938%,0,L,12
2575,INTC,B,3/22/2019,(53.5493),100,-5354.930,2580,INTC,S,3/22/2019,53.2401 ,100,5324.010,0.080,5323.930,-30.920,-0.577%,0,L,12
2576,MU,B,3/22/2019,(42.0299),100,-4202.990,2578,MU,S,3/22/2019,41.6000 ,100,4160.000,0.070,4159.930,-42.990,-1.023%,0,L,12
2564,NFLX,B,3/22/2019,(371.3000),10,-3713.000,2568,NFLX,S,3/22/2019,367.2100 ,10,3672.100,0.060,3672.040,-40.900,-1.102%,0,L,12
2577,NFLX,B,3/22/2019,(365.6800),15,-5485.200,2579,NFLX,S,3/22/2019,361.9000 ,15,5428.500,0.090,5428.410,-56.700,-1.034%,0,L,12
2559,NKE,B,3/22/2019,(85.1400),30,-2554.200,2562,NKE,S,3/22/2019,84.3508 ,30,2530.524,0.050,2530.474,-23.676,-0.927%,0,L,12
2567,PFE,B,3/22/2019,(42.2850),50,-2114.250,2583,PFE,S,3/22/2019,41.9500 ,50,2097.500,0.040,2097.460,-16.750,-0.792%,0,L,12
2572,PG,B,3/22/2019,(101.8500),25,-2546.250,2581,PG,S,3/22/2019,101.6405 ,25,2541.013,0.050,2540.963,-5.237,-0.206%,0,L,12
2563,SBUX,B,3/22/2019,(71.9097),30,-2157.291,20,SBUX,S,3/25/2019,72.3700 ,30,2171.100,0.040,2171.060,13.809,0.640%,3,G,13
2571,SQ,B,3/22/2019,(75.7390),30,-2272.170,2584,SQ,S,3/22/2019,75.1105 ,30,2253.315,0.040,2253.275,-18.855,-0.830%,0,L,12
2561,TMUS,B,3/22/2019,(72.1000),30,-2163.000,22,TMUS,S,3/25/2019,72.3401 ,30,2170.203,0.040,2170.163,7.203,0.333%,3,G,13
2585,TMUS,B,3/22/2019,(71.9999),30,-2159.997,2574,TMUS,S,3/22/2019,72.3407 ,30,2170.221,0.040,2170.181,10.224,0.473%,0,G,12
2566,VFC,B,3/22/2019,(84.9462),20,-1698.924,2570,VFC,S,3/22/2019,84.3401 ,20,1686.802,0.040,1686.762,-12.122,-0.714%,0,L,12
2560,YUM,B,3/22/2019,(99.2470),20,-1984.940,2582,YUM,S,3/22/2019,99.0201 ,20,1980.402,0.040,1980.362,-4.538,-0.229%,0,L,12
10,ABBV,B,3/25/2019,(79.8600),30,-2395.800,26,ABBV,S,3/26/2019,80.6501 ,30,2419.503,0.050,2419.453,23.703,0.989%,1,G,13
8,ABT,B,3/25/2019,(78.1054),30,-2343.162,20,ABT,S,3/26/2019,79.4445 ,30,2383.335,0.050,2383.285,40.173,1.714%,1,G,13
6,ADBE,B,3/25/2019,(258.6500),10,-2586.500,4,ADBE,S,3/26/2019,263.9000 ,10,2639.000,0.050,2638.950,52.500,2.030%,1,G,13
14,AMAT,B,3/25/2019,(39.9100),60,-2394.600,10,AMAT,S,3/26/2019,39.9500 ,60,2397.000,0.050,2396.950,2.400,0.100%,1,G,13
18,BAC,B,3/25/2019,(27.0099),100,-2700.990,8,BAC,S,3/26/2019,27.1000 ,100,2710.000,0.050,2709.950,9.010,0.334%,1,G,13
16,MSFT,B,3/25/2019,(117.2650),20,-2345.300,6,MSFT,S,3/26/2019,117.9000 ,20,2358.000,0.050,2357.950,12.700,0.542%,1,G,13
4,NKE,B,3/25/2019,(82.4250),30,-2472.750,18,NKE,S,3/26/2019,84.0350 ,30,2521.050,0.050,2521.000,48.300,1.953%,1,G,13
2,PG,B,3/25/2019,(101.7100),20,-2034.200,24,PG,S,3/26/2019,103.1310 ,20,2062.620,0.040,2062.580,28.420,1.397%,1,G,13
12,SYMC,B,3/25/2019,(22.8300),100,-2283.000,22,SYMC,S,3/26/2019,23.1801 ,100,2318.010,0.050,2317.960,35.010,1.534%,1,G,13
26,TCEHY,B,3/25/2019,(44.9500),60,-2697.000,46,TCEHY,S,3/26/2019,44.9000 ,60,2694.000,0.050,2693.950,-3.000,-0.111%,1,L,13
48,AMAT,B,3/26/2019,(39.4150),60,-2364.900,28,AMAT,S,3/27/2019,38.9101 ,60,2334.606,0.050,2334.556,-30.294,-1.281%,1,L,13
16,BAC,B,3/26/2019,(27.0200),100,-2702.000,48,BAC,S,3/27/2019,27.0101 ,100,2701.010,0.050,2700.960,-0.990,-0.037%,1,L,13
14,INTC,B,3/26/2019,(53.4800),50,-2674.000,16,INTC,S,3/27/2019,53.0301 ,50,2651.505,0.050,2651.455,-22.495,-0.841%,1,L,13
2,MU,B,3/26/2019,(41.1000),50,-2055.000,14,MU,S,3/27/2019,39.0601 ,50,1953.005,0.040,1952.965,-101.995,-4.963%,1,L,13
12,NFLX,B,3/26/2019,(362.1000),10,-3621.000,22,NFLX,S,3/27/2019,352.4001 ,10,3524.001,0.060,3523.941,-96.999,-2.679%,1,L,13
52,PG,B,3/26/2019,(102.8198),15,-1542.297,56,PG,S,3/29/2019,104.0600 ,15,1560.900,0.040,1560.860,18.603,1.206%,3,G,13
56,TCEHY,B,3/26/2019,(44.7500),60,-2685.000,10,TCEHY,S,3/27/2019,45.2300 ,60,2713.800,0.050,2713.750,28.800,1.073%,1,G,13
50,WDC,B,3/26/2019,(47.1600),60,-2829.600,20,WDC,S,3/27/2019,45.3500 ,60,2721.000,0.050,2720.950,-108.600,-3.838%,1,L,13
50,ADBE,B,3/27/2019,(259.9100),10,-2599.100,6,ADBE,S,3/28/2019,263.1200 ,10,2631.200,0.050,2631.150,32.100,1.235%,1,G,13
4,AMD,B,3/27/2019,(25.7000),100,-2570.000,18,AMD,S,3/27/2019,24.6701 ,100,2467.010,0.050,2466.960,-102.990,-4.007%,0,L,13
2,CRM,B,3/27/2019,(158.9900),15,-2384.850,12,CRM,S,3/27/2019,153.6701 ,15,2305.052,0.040,2305.012,-79.799,-3.346%,0,L,13
6,FSLR,B,3/27/2019,(51.2800),20,-1025.600,46,FSLR,S,3/27/2019,50.3701 ,20,1007.402,0.030,1007.372,-18.198,-1.774%,0,L,13
52,FSLR,B,3/27/2019,(50.4087),40,-2016.348,2,FSLR,S,3/28/2019,51.2301 ,40,2049.204,0.040,2049.164,32.856,1.629%,1,G,13
24,GLD,B,3/27/2019,(123.9990),20,-2479.980,24,GLD,S,4/1/2019,122.3600 ,20,2447.200,0.050,2447.150,-32.780,-1.322%,5,L,14
58,MSFT,B,3/27/2019,(116.3200),20,-2326.400,20,MSFT,S,4/1/2019,118.2150 ,20,2364.300,0.050,2364.250,37.900,1.629%,5,G,14
64,NFLX,B,3/27/2019,(351.8600),10,-3518.600,10,NFLX,S,3/28/2019,355.3424 ,10,3553.424,0.060,3553.364,34.824,0.990%,1,G,13
56,PEGI,B,3/27/2019,(22.1899),100,-2218.990,12,PEGI,S,4/1/2019,21.9050 ,100,2190.500,0.040,2190.460,-28.490,-1.284%,5,L,14
54,PFE,B,3/27/2019,(42.0250),50,-2101.250,30,PFE,S,3/29/2019,42.4000 ,50,2120.000,0.040,2119.960,18.750,0.892%,2,G,13
66,SBUX,B,3/27/2019,(72.8300),30,-2184.900,20,SBUX,S,3/29/2019,74.0901 ,30,2222.703,0.040,2222.663,37.803,1.730%,2,G,13
26,SLV,B,3/27/2019,(14.3699),200,-2873.980,2,SLV,S,4/1/2019,14.2450 ,200,2849.000,0.060,2848.940,-24.980,-0.869%,5,L,14
62,TCEHY,B,3/27/2019,(45.0000),50,-2250.000,8,TCEHY,S,3/29/2019,45.9800 ,50,2299.000,0.040,2298.960,49.000,2.178%,2,G,13
12,INTC,B,3/28/2019,(52.9500),40,-2118.000,10,INTC,S,3/29/2019,53.8001 ,40,2152.004,0.040,2151.964,34.004,1.605%,1,G,13
16,MU,B,3/28/2019,(39.3100),60,-2358.600,4,MU,S,3/29/2019,41.0301 ,60,2461.806,0.050,2461.756,103.206,4.376%,1,G,13
20,NFLX,B,3/28/2019,(354.8200),5,-1774.100,14,NFLX,S,3/29/2019,355.9000 ,5,1779.500,0.040,1779.460,5.400,0.304%,1,G,13
14,T,B,3/28/2019,(30.9700),70,-2167.900,2,T,S,3/29/2019,30.9900 ,70,2169.300,0.040,2169.260,1.400,0.065%,1,G,13
24,AMZN,B,3/29/2019,"(1,781.1200)",1,-1781.120,24,AMZN,S,4/1/2019,"1,802.6200 ",1,1802.620,0.040,1802.580,21.500,1.207%,3,G,14
18,BAC,B,3/29/2019,(27.5099),100,-2750.990,4,BAC,S,4/1/2019,28.2350 ,100,2823.500,0.050,2823.450,72.510,2.636%,3,G,14
28,GE,B,3/29/2019,(9.9700),120,-1196.400,8,GE,S,4/1/2019,10.1201 ,120,1214.412,0.030,1214.382,18.012,1.506%,3,G,14
54,IRM,B,3/29/2019,(35.4300),50,-1771.500,26,IRM,S,4/1/2019,35.3200 ,50,1766.000,0.040,1765.960,-5.500,-0.310%,3,L,14
26,NFLX,B,3/29/2019,(355.2399),10,-3552.399,10,NFLX,S,4/1/2019,361.0001 ,10,3610.001,0.060,3609.941,57.602,1.621%,3,G,14
12,T,B,3/29/2019,(31.0900),60,-1865.400,6,T,S,4/1/2019,31.7301 ,60,1903.806,0.040,1903.766,38.406,2.059%,3,G,14
52,TMUS,B,3/29/2019,(69.0899),40,-2763.596,16,TMUS,S,4/1/2019,69.7503 ,40,2790.012,0.050,2789.962,26.416,0.956%,3,G,14
16,VZ,B,3/29/2019,(58.9000),40,-2356.000,48,VZ,S,3/29/2019,58.9500 ,40,2358.000,0.050,2357.950,2.000,0.085%,0,G,13
28,ETSY,B,4/1/2019,(67.2408),30,-2017.224,18,ETSY,S,4/2/2019,68.5000 ,30,2055.000,0.040,2054.960,37.776,1.873%,1,G,14
30,O,B,4/1/2019,(72.3500),30,-2170.500,24,O,S,4/2/2019,71.9501 ,30,2158.503,0.040,2158.463,-11.997,-0.553%,1,L,14
50,SBUX,B,4/1/2019,(73.8499),30,-2215.497,20,SBUX,S,4/2/2019,73.9087 ,30,2217.261,0.040,2217.221,1.764,0.080%,1,G,14
2,ABT,B,4/2/2019,(79.7000),30,-2391.000,22,ABT,S,4/2/2019,79.5700 ,30,2387.100,0.050,2387.050,-3.900,-0.163%,0,L,14
144,ABT,B,4/2/2019,(79.5400),30,-2386.200,18,ABT,S,4/3/2019,79.6100 ,30,2388.300,0.050,2388.250,2.100,0.088%,1,G,14
118,BAC,B,4/2/2019,(28.6900),62,-1778.780,8,BAC,S,4/3/2019,28.9000 ,62,1791.800,0.040,1791.760,13.020,0.732%,1,G,14
118,BAC,B,4/2/2019,(28.6900),20,-573.800,10,BAC,S,4/3/2019,28.9000 ,20,578.000,0.020,577.980,4.200,0.732%,1,G,14
118,BAC,B,4/2/2019,(28.6900),8,-229.520,12,BAC,S,4/3/2019,28.9000 ,8,231.200,0.020,231.180,1.680,0.732%,1,G,14
104,IRM,B,4/2/2019,(35.5298),60,-2131.788,94,IRM,S,4/3/2019,35.7800 ,60,2146.800,0.040,2146.760,15.012,0.704%,1,G,14
56,KO,B,4/2/2019,(46.7200),50,-2336.000,4,KO,S,4/3/2019,46.3500 ,50,2317.500,0.050,2317.450,-18.500,-0.792%,1,L,14
112,NFLX,B,4/2/2019,(364.9200),10,-3649.200,146,NFLX,S,4/2/2019,367.2200 ,10,3672.200,0.060,3672.140,23.000,0.630%,0,G,14
70,NKE,B,4/2/2019,(84.7998),30,-2543.994,80,NKE,S,4/2/2019,84.5900 ,30,2537.700,0.050,2537.650,-6.294,-0.247%,0,L,14
108,NKE,B,4/2/2019,(84.2999),5,-421.500,122,NKE,S,4/2/2019,84.3200 ,5,421.600,0.010,421.590,0.101,0.024%,0,G,14
110,NKE,B,4/2/2019,(84.3000),25,-2107.500,122,NKE,S,4/2/2019,84.3200 ,25,2108.000,0.040,2107.960,0.500,0.024%,0,G,14
124,NKE,B,4/2/2019,(84.2899),30,-2528.697,22,NKE,S,4/3/2019,84.3200 ,30,2529.600,0.050,2529.550,0.903,0.036%,1,G,14
116,O,B,4/2/2019,(72.0197),30,-2160.591,120,O,S,4/2/2019,72.0400 ,30,2161.200,0.040,2161.160,0.609,0.028%,0,G,14
106,PEGI,B,4/2/2019,(21.8999),100,-2189.990,142,PEGI,S,4/2/2019,22.1309 ,100,2213.090,0.040,2213.050,23.100,1.055%,0,G,14
8,PG,B,4/2/2019,(103.8000),2,-207.600,26,PG,S,4/2/2019,103.5301 ,2,207.060,0.010,207.050,-0.540,-0.260%,0,L,14
10,PG,B,4/2/2019,(103.8000),6,-622.800,26,PG,S,4/2/2019,103.5301 ,6,621.181,0.010,621.171,-1.619,-0.260%,0,L,14
12,PG,B,4/2/2019,(103.8000),12,-1245.600,26,PG,S,4/2/2019,103.5301 ,12,1242.361,0.020,1242.341,-3.239,-0.260%,0,L,14
66,PG,B,4/2/2019,(103.3500),20,-2067.000,92,PG,S,4/3/2019,103.6500 ,20,2073.000,0.040,2072.960,6.000,0.290%,1,G,14
98,SYMC,B,4/2/2019,(23.0898),100,-2308.980,70,SYMC,S,4/3/2019,23.4001 ,100,2340.010,0.050,2339.960,31.030,1.344%,1,G,14
114,T,B,4/2/2019,(31.7150),70,-2220.050,148,T,S,4/2/2019,31.6000 ,70,2212.000,0.040,2211.960,-8.050,-0.363%,0,L,14
72,TCEHY,B,4/2/2019,(46.9800),60,-2818.800,78,TCEHY,S,4/2/2019,46.9000 ,60,2814.000,0.050,2813.950,-4.800,-0.170%,0,L,14
50,TVIX,B,4/2/2019,(25.5370),100,-2553.700,60,TVIX,S,4/2/2019,25.3003 ,100,2530.030,0.040,2529.990,-23.670,-0.927%,0,L,14
54,TVIX,B,4/2/2019,(25.5370),100,-2553.700,60,TVIX,S,4/2/2019,25.3003 ,100,2530.030,0.050,2529.980,-23.670,-0.927%,0,L,14
76,TVIX,B,4/2/2019,(25.4000),200,-5080.000,102,TVIX,S,4/2/2019,25.6601 ,200,5132.020,0.090,5131.930,52.020,1.024%,0,G,14
6,UVXY,B,4/2/2019,(37.9877),60,-2279.262,16,UVXY,S,4/2/2019,38.2000 ,60,2292.000,0.040,2291.960,12.738,0.559%,0,G,14
30,VIXY,B,4/2/2019,(23.6783),50,-1183.915,64,VIXY,S,4/2/2019,23.5223 ,50,1176.115,0.030,1176.085,-7.800,-0.659%,0,L,14
68,VZ,B,4/2/2019,(58.6180),50,-2930.900,16,VZ,S,4/3/2019,58.6500 ,50,2932.500,0.050,2932.450,1.600,0.055%,1,G,14
48,BAC,B,4/3/2019,(28.8999),100,-2889.990,56,BAC,S,4/3/2019,28.9200 ,100,2892.000,0.050,2891.950,2.010,0.070%,0,G,14
26,KO,B,4/3/2019,(46.3599),50,-2317.995,54,KO,S,4/3/2019,46.3800 ,50,2319.000,0.050,2318.950,1.005,0.043%,0,G,14
96,KO,B,4/3/2019,(46.2099),50,-2310.495,32,KO,S,4/4/2019,46.2500 ,50,2312.500,0.050,2312.450,2.005,0.087%,1,G,14
24,NKE,B,4/3/2019,(84.4100),30,-2532.300,74,NKE,S,4/3/2019,84.6800 ,30,2540.400,0.050,2540.350,8.100,0.320%,0,G,14
106,NKE,B,4/3/2019,(84.4199),30,-2532.597,16,NKE,S,4/5/2019,85.5201 ,30,2565.603,0.050,2565.553,33.006,1.303%,2,G,14
6,O,B,4/3/2019,(72.1000),30,-2163.000,14,O,S,4/3/2019,72.1200 ,30,2163.600,0.040,2163.560,0.600,0.028%,0,G,14
46,O,B,4/3/2019,(71.9400),30,-2158.200,50,O,S,4/3/2019,71.9800 ,30,2159.400,0.040,2159.360,1.200,0.056%,0,G,14
104,O,B,4/3/2019,(72.0400),30,-2161.200,60,O,S,4/4/2019,71.5000 ,30,2145.000,0.040,2144.960,-16.200,-0.750%,1,L,14
98,PG,B,4/3/2019,(103.5200),20,-2070.400,26,PG,S,4/5/2019,103.2600 ,20,2065.200,0.040,2065.160,-5.200,-0.251%,2,L,14
102,SBUX,B,4/3/2019,(74.2400),30,-2227.200,54,SBUX,S,4/4/2019,74.2600 ,30,2227.800,0.040,2227.760,0.600,0.027%,1,G,14
52,T,B,4/3/2019,(31.6790),90,-2851.110,66,T,S,4/3/2019,31.8501 ,90,2866.509,0.050,2866.459,15.399,0.540%,0,G,14
60,TMUS,B,4/3/2019,(69.5396),30,-2086.188,64,TMUS,S,4/3/2019,69.5800 ,30,2087.400,0.040,2087.360,1.212,0.058%,0,G,14
110,TMUS,B,4/3/2019,(69.1000),30,-2073.000,20,TMUS,S,4/4/2019,69.1200 ,30,2073.600,0.040,2073.560,0.600,0.029%,1,G,14
2,VFC,B,4/3/2019,(86.8000),30,-2604.000,20,VFC,S,4/3/2019,86.9000 ,30,2607.000,0.050,2606.950,3.000,0.115%,0,G,14
44,VZ,B,4/3/2019,(58.7400),40,-2349.600,72,VZ,S,4/3/2019,58.8701 ,40,2354.804,0.050,2354.754,5.204,0.221%,0,G,14
14,ABT,B,4/4/2019,(79.5100),12,-954.120,50,ABT,S,4/4/2019,78.7000 ,12,944.400,0.020,944.380,-9.720,-1.019%,0,L,14
16,ABT,B,4/4/2019,(79.5100),18,-1431.180,50,ABT,S,4/4/2019,78.7000 ,18,1416.600,0.030,1416.570,-14.580,-1.019%,0,L,14
64,ADBE,B,4/4/2019,(264.4791),10,-2644.791,30,ADBE,S,4/5/2019,267.6000 ,10,2676.000,0.050,2675.950,31.209,1.180%,1,G,14
30,GE,B,4/4/2019,(10.0693),200,-2013.860,66,GE,S,4/4/2019,9.9800 ,200,1996.000,0.050,1995.950,-17.860,-0.887%,0,L,14
8,JNJ,B,4/4/2019,(137.6500),20,-2753.000,56,JNJ,S,4/4/2019,135.9000 ,20,2718.000,0.050,2717.950,-35.000,-1.271%,0,L,14
12,MAT,B,4/4/2019,(13.1800),100,-1318.000,26,MAT,S,4/4/2019,13.2000 ,100,1320.000,0.030,1319.970,2.000,0.152%,0,G,14
12,MAT,B,4/4/2019,(13.1800),50,-659.000,28,MAT,S,4/4/2019,13.2000 ,50,660.000,0.020,659.980,1.000,0.152%,0,G,14
2,MU,B,4/4/2019,(42.3700),50,-2118.500,58,MU,S,4/4/2019,42.3900 ,50,2119.500,0.040,2119.460,1.000,0.047%,0,G,14
100,MU,B,4/4/2019,(42.7099),60,-2562.594,24,MU,S,4/5/2019,43.2400 ,60,2594.400,0.050,2594.350,31.806,1.241%,1,G,14
102,NFLX,B,4/4/2019,(367.9493),10,-3679.493,52,NFLX,S,4/5/2019,365.5700 ,10,3655.700,0.060,3655.640,-23.793,-0.647%,1,L,14
80,PFE,B,4/4/2019,(42.5950),50,-2129.750,10,PFE,S,4/5/2019,43.2450 ,50,2162.250,0.040,2162.210,32.500,1.526%,1,G,14
6,REGN,B,4/4/2019,(407.0100),5,-2035.050,70,REGN,S,4/4/2019,402.5000 ,5,2012.500,0.040,2012.460,-22.550,-1.108%,0,L,14
74,SBUX,B,4/4/2019,(74.2500),30,-2227.500,106,SBUX,S,4/4/2019,74.2710 ,30,2228.130,0.040,2228.090,0.630,0.028%,0,G,14
98,T,B,4/4/2019,(31.9850),70,-2238.950,22,T,S,4/5/2019,32.0430 ,70,2243.010,0.040,2242.970,4.060,0.181%,1,G,14
10,TGT,B,4/4/2019,(79.6500),30,-2389.500,78,TGT,S,4/4/2019,80.6957 ,30,2420.871,0.050,2420.821,31.371,1.313%,0,G,14
24,TMUS,B,4/4/2019,(69.1492),30,-2074.476,4,TMUS,S,4/5/2019,70.4404 ,30,2113.212,0.040,2113.172,38.736,1.867%,1,G,14
76,YUM,B,4/4/2019,(100.1990),20,-2003.980,48,YUM,S,4/5/2019,99.9100 ,20,1998.200,0.040,1998.160,-5.780,-0.288%,1,L,14
68,ABT,B,4/5/2019,(78.9178),30,-2367.534,54,ABT,S,4/10/2019,78.9501 ,30,2368.503,0.050,2368.453,0.969,0.041%,5,G,15
72,ADBE,B,4/5/2019,(267.1793),10,-2671.793,110,ADBE,S,4/5/2019,267.2000 ,10,2672.000,0.050,2671.950,0.207,0.008%,0,G,14
8,ETSY,B,4/5/2019,(67.9601),40,-2718.404,12,ETSY,S,4/5/2019,68.8701 ,40,2754.804,0.050,2754.754,36.400,1.339%,0,G,14
100,ETSY,B,4/5/2019,(68.2453),40,-2729.812,8,ETSY,S,4/10/2019,68.6741 ,40,2746.964,0.050,2746.914,17.152,0.628%,5,G,15
50,FSLR,B,4/5/2019,(55.7000),50,-2785.000,58,FSLR,S,4/5/2019,56.0501 ,50,2802.505,0.050,2802.455,17.505,0.629%,0,G,14
102,GE,B,4/5/2019,(9.9989),200,-1999.780,22,GE,S,4/8/2019,9.3000 ,200,1860.000,0.050,1859.950,-139.780,-6.990%,3,L,15
6,INTC,B,4/5/2019,(55.0300),50,-2751.500,18,INTC,S,4/5/2019,55.3000 ,50,2765.000,0.050,2764.950,13.500,0.491%,0,G,14
14,KO,B,4/5/2019,(46.5050),50,-2325.250,20,KO,S,4/5/2019,46.4400 ,50,2322.000,0.050,2321.950,-3.250,-0.140%,0,L,14
54,KO,B,4/5/2019,(46.4000),50,-2320.000,62,KO,S,4/5/2019,46.3601 ,50,2318.005,0.050,2317.955,-1.995,-0.086%,0,L,14
98,KO,B,4/5/2019,(46.3400),50,-2317.000,112,KO,S,4/5/2019,46.3600 ,50,2318.000,0.050,2317.950,1.000,0.043%,0,G,14
106,NKE,B,4/5/2019,(85.3090),30,-2559.270,28,NKE,S,4/11/2019,84.3305 ,30,2529.915,0.050,2529.865,-29.355,-1.147%,6,L,15
76,O,B,4/5/2019,(72.0200),35,-2520.700,104,O,S,4/5/2019,72.0400 ,35,2521.400,0.050,2521.350,0.700,0.028%,0,G,14
56,PG,B,4/5/2019,(103.2900),25,-2582.250,60,PG,S,4/5/2019,103.4100 ,25,2585.250,0.050,2585.200,3.000,0.116%,0,G,14
96,REGN,B,4/5/2019,(408.1194),5,-2040.597,24,REGN,S,4/10/2019,407.7845 ,5,2038.923,0.040,2038.883,-1.675,-0.082%,5,L,15
66,SYMC,B,4/5/2019,(23.1000),100,-2310.000,16,SYMC,S,4/8/2019,24.2500 ,100,2425.000,0.050,2424.950,115.000,4.978%,3,G,15
74,VZ,B,4/5/2019,(58.9100),45,-2650.950,12,VZ,S,4/8/2019,58.9510 ,45,2652.795,0.050,2652.745,1.845,0.070%,3,G,15
18,BAC,B,4/8/2019,(29.0499),100,-2904.990,20,BAC,S,4/10/2019,29.0500 ,100,2905.000,0.050,2904.950,0.010,0.000%,2,G,15
20,INTC,B,4/8/2019,(55.3800),1,-55.380,2,INTC,S,4/10/2019,55.4050 ,1,55.405,0.020,55.385,0.025,0.045%,2,G,15
20,INTC,B,4/8/2019,(55.3800),49,-2713.620,4,INTC,S,4/10/2019,55.4001 ,49,2714.605,0.050,2714.555,0.985,0.036%,2,G,15
30,KO,B,4/8/2019,(46.3600),30,-1390.800,4,KO,S,4/9/2019,46.6101 ,30,1398.303,0.030,1398.273,7.503,0.539%,1,G,15
6,MU,B,4/8/2019,(42.2400),60,-2534.400,58,MU,S,4/8/2019,42.9001 ,60,2574.006,0.050,2573.956,39.606,1.563%,0,G,15
10,NFLX,B,4/8/2019,(364.5000),1,-364.500,24,NFLX,S,4/8/2019,361.0000 ,1,361.000,0.020,360.980,-3.500,-0.960%,0,L,15
10,NFLX,B,4/8/2019,(364.5000),6,-2187.000,26,NFLX,S,4/8/2019,361.0000 ,6,2166.000,0.040,2165.960,-21.000,-0.960%,0,L,15
56,NFLX,B,4/8/2019,(362.8200),3,-1088.460,28,NFLX,S,4/10/2019,362.9800 ,3,1088.940,0.030,1088.910,0.480,0.044%,2,G,15
56,NFLX,B,4/8/2019,(362.8200),3,-1088.460,32,NFLX,S,4/10/2019,362.9767 ,3,1088.930,0.030,1088.900,0.470,0.043%,2,G,15
4,SBUX,B,4/8/2019,(74.3700),1,-74.370,50,SBUX,S,4/8/2019,75.1000 ,1,75.100,0.020,75.080,0.730,0.982%,0,G,15
4,SBUX,B,4/8/2019,(74.3700),29,-2156.730,54,SBUX,S,4/8/2019,75.1000 ,29,2177.900,0.040,2177.860,21.170,0.982%,0,G,15
28,VZ,B,4/8/2019,(58.9090),50,-2945.450,54,VZ,S,4/16/2019,58.9500 ,50,2947.500,0.080,2947.420,2.050,0.070%,8,G,16
8,YUM,B,4/8/2019,(99.9700),25,-2499.250,12,YUM,S,4/10/2019,99.9964 ,25,2499.910,0.050,2499.860,0.660,0.026%,2,G,15
2,MU,B,4/9/2019,(42.6700),60,-2560.200,12,MU,S,4/12/2019,42.7001 ,60,2562.006,0.050,2561.956,1.806,0.071%,3,G,15
6,PFE,B,4/9/2019,(42.8500),30,-1285.500,4,PFE,S,5/10/2019,39.9350 ,30,1198.050,0.040,1198.010,-87.450,-6.803%,31,L,19
10,SBUX,B,4/9/2019,(75.0500),5,-375.250,24,SBUX,S,4/12/2019,76.7700 ,5,383.850,0.020,383.830,8.600,2.292%,3,G,15
18,ABBV,B,4/10/2019,(82.9900),30,-2489.700,36,ABBV,S,4/10/2019,83.0200 ,30,2490.600,0.050,2490.550,0.900,0.036%,0,G,15
10,T,B,4/10/2019,(31.9190),70,-2234.330,70,T,S,4/11/2019,32.1604 ,70,2251.228,0.040,2251.188,16.898,0.756%,1,G,15
14,TGT,B,4/10/2019,(80.4200),30,-2412.600,52,TGT,S,4/11/2019,80.5000 ,30,2415.000,0.050,2414.950,2.400,0.099%,1,G,15
6,AMAT,B,4/11/2019,(42.1900),60,-2531.400,34,AMAT,S,4/11/2019,42.7201 ,60,2563.206,0.050,2563.156,31.806,1.256%,0,G,15
8,AMD,B,4/11/2019,(27.6400),90,-2487.600,14,AMD,S,4/11/2019,27.6600 ,90,2489.400,0.050,2489.350,1.800,0.072%,0,G,15
2,GE,B,4/11/2019,(9.1200),100,-912.000,60,GE,S,4/11/2019,9.1400 ,100,914.000,0.030,913.970,2.000,0.219%,0,G,15
2,GE,B,4/11/2019,(9.1200),100,-912.000,62,GE,S,4/11/2019,9.1400 ,100,914.000,0.030,913.970,2.000,0.219%,0,G,15
2,GE,B,4/11/2019,(9.1200),100,-912.000,64,GE,S,4/11/2019,9.1400 ,100,914.000,0.030,913.970,2.000,0.219%,0,G,15
74,INTC,B,4/11/2019,(55.8290),70,-3908.030,18,INTC,S,4/12/2019,55.9000 ,70,3913.000,0.070,3912.930,4.970,0.127%,1,G,15
16,KO,B,4/11/2019,(46.6000),60,-2796.000,54,KO,S,4/11/2019,46.6200 ,60,2797.200,0.050,2797.150,1.200,0.043%,0,G,15
72,KO,B,4/11/2019,(46.6198),60,-2797.188,32,KO,S,4/12/2019,46.7000 ,60,2802.000,0.050,2801.950,4.812,0.172%,1,G,15
12,NFLX,B,4/11/2019,(362.0300),10,-3620.300,20,NFLX,S,4/11/2019,362.4000 ,10,3624.000,0.060,3623.940,3.700,0.102%,0,G,15
24,NFLX,B,4/11/2019,(361.8200),7,-2532.740,58,NFLX,S,4/11/2019,366.5701 ,7,2565.991,0.050,2565.941,33.251,1.313%,0,G,15
68,NKE,B,4/11/2019,(84.7998),30,-2543.994,76,NKE,S,4/11/2019,84.9000 ,30,2547.000,0.050,2546.950,3.006,0.118%,0,G,15
30,O,B,4/11/2019,(71.9096),30,-2157.288,16,O,S,4/15/2019,71.1900 ,30,2135.700,0.040,2135.660,-21.588,-1.001%,4,L,16
26,YUM,B,4/11/2019,(100.0000),20,-2000.000,66,YUM,S,4/11/2019,100.3500 ,20,2007.000,0.040,2006.960,7.000,0.350%,0,G,15
60,ABT,B,4/12/2019,(78.1850),30,-2345.550,2,ABT,S,4/15/2019,78.2000 ,30,2346.000,0.050,2345.950,0.450,0.019%,3,G,16
52,ACB,B,4/12/2019,(8.8380),100,-883.800,48,ACB,S,4/16/2019,8.8650 ,100,886.500,0.030,886.470,2.700,0.305%,4,G,16
52,ACB,B,4/12/2019,(8.8380),200,-1767.600,50,ACB,S,4/16/2019,8.8600 ,200,1772.000,0.060,1771.940,4.400,0.249%,4,G,16
20,AMD,B,4/12/2019,(27.9150),100,-2791.500,30,AMD,S,4/12/2019,27.8000 ,100,2780.000,0.050,2779.950,-11.500,-0.412%,0,L,15
6,ETSY,B,4/12/2019,(67.9000),40,-2716.000,56,ETSY,S,4/16/2019,67.2200 ,40,2688.800,0.070,2688.730,-27.200,-1.001%,4,L,16
8,IRM,B,4/12/2019,(36.1000),70,-2527.000,14,IRM,S,4/12/2019,36.1200 ,70,2528.400,0.050,2528.350,1.400,0.055%,0,G,15
50,KO,B,4/12/2019,(46.7300),50,-2336.500,6,KO,S,4/15/2019,46.8402 ,50,2342.010,0.050,2341.960,5.510,0.236%,3,G,16
16,MU,B,4/12/2019,(42.3700),60,-2542.200,24,MU,S,4/16/2019,42.7201 ,60,2563.206,0.070,2563.136,21.006,0.826%,4,G,16
10,NFLX,B,4/12/2019,(355.2199),7,-2486.539,28,NFLX,S,4/16/2019,355.9000 ,7,2491.300,0.070,2491.230,4.761,0.191%,4,G,16
4,REGN,B,4/12/2019,(393.5000),1,-393.500,14,REGN,S,4/29/2019,343.9700 ,1,343.970,0.020,343.950,-49.530,-12.587%,17,L,18
4,REGN,B,4/12/2019,(393.5000),6,-2361.000,18,REGN,S,5/10/2019,312.6967 ,6,1876.180,0.050,1876.130,-484.820,-20.535%,28,L,19
28,SYMC,B,4/12/2019,(23.9100),100,-2391.000,56,SYMC,S,4/12/2019,23.9300 ,100,2393.000,0.050,2392.950,2.000,0.084%,0,G,15
58,T,B,4/12/2019,(32.1400),70,-2249.800,96,T,S,4/16/2019,32.1901 ,70,2253.307,0.060,2253.247,3.507,0.156%,4,G,16
8,ABT,B,4/15/2019,(78.0200),11,-858.220,18,ABT,S,4/16/2019,78.0400 ,11,858.440,0.030,858.410,0.220,0.026%,1,G,16
8,ABT,B,4/15/2019,(78.0200),19,-1482.380,20,ABT,S,4/16/2019,78.0400 ,19,1482.760,0.050,1482.710,0.380,0.026%,1,G,16
4,AMD,B,4/15/2019,(27.4500),100,-2745.000,10,AMD,S,4/15/2019,27.1800 ,100,2718.000,0.050,2717.950,-27.000,-0.984%,0,L,16
22,AMD,B,4/15/2019,(27.2000),90,-2448.000,8,AMD,S,4/16/2019,27.7803 ,90,2500.227,0.070,2500.157,52.227,2.133%,1,G,16
12,CSCO,B,4/15/2019,(56.3600),50,-2818.000,14,CSCO,S,4/15/2019,56.4901 ,50,2824.505,0.050,2824.455,6.505,0.231%,0,G,16
20,TCEHY,B,4/15/2019,(49.2400),50,-2462.000,4,TCEHY,S,4/16/2019,50.1000 ,50,2505.000,0.070,2504.930,43.000,1.747%,1,G,16
68,ABBV,B,4/16/2019,(81.0400),30,-2431.200,38,ABBV,S,4/26/2019,80.2300 ,30,2406.900,0.060,2406.840,-24.300,-1.000%,10,L,17
10,BAC,B,4/16/2019,(29.1899),100,-2918.990,58,BAC,S,4/16/2019,29.6001 ,100,2960.010,0.080,2959.930,41.020,1.405%,0,G,16
22,GE,B,4/16/2019,(9.0299),200,-1805.980,66,GE,S,4/16/2019,9.1301 ,200,1826.020,0.060,1825.960,20.040,1.110%,0,G,16
60,IRM,B,4/16/2019,(36.1398),70,-2529.786,18,IRM,S,4/22/2019,35.6600 ,70,2496.200,0.070,2496.130,-33.586,-1.328%,6,L,17
52,KO,B,4/16/2019,(46.7500),50,-2337.500,20,KO,S,4/17/2019,47.4701 ,50,2373.505,0.060,2373.445,36.005,1.540%,1,G,16
88,M,B,4/16/2019,(24.5897),100,-2458.970,18,M,S,4/17/2019,25.1405 ,100,2514.050,0.070,2513.980,55.080,2.240%,1,G,16
26,SBUX,B,4/16/2019,(76.2700),30,-2288.100,62,SBUX,S,4/16/2019,75.5000 ,30,2265.000,0.060,2264.940,-23.100,-1.010%,0,L,16
64,SBUX,B,4/16/2019,(75.5996),30,-2267.988,4,SBUX,S,4/18/2019,75.6200 ,30,2268.600,0.060,2268.540,0.612,0.027%,2,G,16
6,SQ,B,4/16/2019,(74.4200),1,-74.420,12,SQ,S,4/16/2019,74.4400 ,1,74.440,0.020,74.420,0.020,0.027%,0,G,16
6,SQ,B,4/16/2019,(74.4200),29,-2158.180,14,SQ,S,4/16/2019,74.4400 ,29,2158.760,0.060,2158.700,0.580,0.027%,0,G,16
46,SQ,B,4/16/2019,(74.6399),1,-74.640,90,SQ,S,4/16/2019,73.8900 ,1,73.890,0.020,73.870,-0.750,-1.005%,0,L,16
46,SQ,B,4/16/2019,(74.6399),29,-2164.557,92,SQ,S,4/16/2019,73.8900 ,29,2142.810,0.060,2142.750,-21.747,-1.005%,0,L,16
94,SQ,B,4/16/2019,(73.3095),30,-2199.285,10,SQ,S,4/17/2019,73.3300 ,30,2199.900,0.060,2199.840,0.615,0.028%,1,G,16
16,SYMC,B,4/16/2019,(24.3700),100,-2437.000,6,SYMC,S,4/17/2019,24.6701 ,100,2467.010,0.070,2466.940,30.010,1.231%,1,G,16
70,XRAY,B,4/16/2019,(50.5700),50,-2528.500,16,XRAY,S,4/22/2019,49.9000 ,50,2495.000,0.070,2494.930,-33.500,-1.325%,6,L,17
12,BAC,B,4/17/2019,(29.8000),10,-298.000,6,BAC,S,4/18/2019,30.1300 ,10,301.300,0.020,301.280,3.300,1.107%,1,G,16
14,BAC,B,4/17/2019,(29.8000),80,-2384.000,6,BAC,S,4/18/2019,30.1300 ,80,2410.400,0.040,2410.360,26.400,1.107%,1,G,16
16,BAC,B,4/17/2019,(29.8000),10,-298.000,6,BAC,S,4/18/2019,30.1300 ,10,301.300,0.020,301.280,3.300,1.107%,1,G,16
2,ETSY,B,4/17/2019,(64.8399),40,-2593.596,6,ETSY,S,4/23/2019,64.9000 ,40,2596.000,0.070,2595.930,2.404,0.093%,6,G,17
8,GE,B,4/17/2019,(9.1582),200,-1831.640,8,GE,S,4/18/2019,9.2416 ,200,1848.320,0.060,1848.260,16.680,0.911%,1,G,16
22,T,B,4/17/2019,(32.0500),80,-2564.000,2,T,S,4/23/2019,32.0800 ,80,2566.400,0.070,2566.330,2.400,0.094%,6,G,17
24,AMAT,B,4/22/2019,(43.5900),48,-2092.320,10,AMAT,S,4/23/2019,43.6200 ,48,2093.760,0.060,2093.700,1.440,0.069%,1,G,17
2,CRM,B,4/22/2019,(155.9900),1,-155.990,46,CRM,S,4/23/2019,158.9000 ,1,158.900,0.010,158.890,2.910,1.866%,1,G,17
4,CRM,B,4/22/2019,(156.0000),13,-2028.000,46,CRM,S,4/23/2019,158.9000 ,13,2065.700,0.040,2065.660,37.700,1.859%,1,G,17
6,CRM,B,4/22/2019,(156.0000),6,-936.000,46,CRM,S,4/23/2019,158.9000 ,6,953.400,0.030,953.370,17.400,1.859%,1,G,17
12,M,B,4/22/2019,(25.1613),68,-1710.968,10,M,S,4/29/2019,24.1000 ,68,1638.800,0.050,1638.750,-72.168,-4.218%,7,L,18
8,PEGI,B,4/22/2019,(22.4500),100,-2245.000,16,PEGI,S,4/23/2019,22.7400 ,100,2274.000,0.050,2273.950,29.000,1.292%,1,G,17
10,PEGI,B,4/22/2019,(22.4500),20,-449.000,16,PEGI,S,4/23/2019,22.7400 ,20,454.800,0.020,454.780,5.800,1.292%,1,G,17
22,TCEHY,B,4/22/2019,(49.5400),60,-2972.400,14,TCEHY,S,4/23/2019,50.3000 ,60,3018.000,0.080,3017.920,45.600,1.534%,1,G,17
14,WDC,B,4/22/2019,(54.0200),48,-2592.960,4,WDC,S,4/23/2019,54.1000 ,48,2596.800,0.070,2596.730,3.840,0.148%,1,G,17
48,BAC,B,4/23/2019,(30.0599),100,-3005.990,2,BAC,S,4/25/2019,30.2700 ,100,3027.000,0.080,3026.920,21.010,0.699%,2,G,17
18,CSCO,B,4/23/2019,(56.3992),50,-2819.960,22,CSCO,S,4/23/2019,56.4200 ,50,2821.000,0.070,2820.930,1.040,0.037%,0,G,17
26,INTC,B,4/23/2019,(58.6700),50,-2933.500,8,INTC,S,4/23/2019,58.6610 ,50,2933.050,0.080,2932.970,-0.450,-0.015%,0,L,17
28,INTC,B,4/23/2019,(58.6300),50,-2931.500,44,INTC,S,4/24/2019,58.9300 ,50,2946.500,0.080,2946.420,15.000,0.512%,1,G,17
20,NKE,B,4/23/2019,(87.2500),30,-2617.500,26,NKE,S,4/24/2019,88.1901 ,30,2645.703,0.070,2645.633,28.203,1.077%,1,G,17
50,T,B,4/23/2019,(32.0390),95,-3043.705,24,T,S,4/23/2019,32.0601 ,95,3045.710,0.080,3045.630,2.005,0.066%,0,G,17
24,AMD,B,4/24/2019,(27.9884),100,-2798.840,8,AMD,S,4/24/2019,28.3700 ,100,2837.000,0.070,2836.930,38.160,1.363%,0,G,17
4,JNJ,B,4/24/2019,(139.1900),2,-278.380,46,JNJ,S,4/24/2019,139.2500 ,2,278.500,0.020,278.480,0.120,0.043%,0,G,17
20,KO,B,4/24/2019,(48.1700),60,-2890.200,4,KO,S,4/26/2019,48.1900 ,60,2891.400,0.070,2891.330,1.200,0.042%,2,G,17
16,PG,B,4/24/2019,(103.5700),20,-2071.400,62,PG,S,4/26/2019,105.1300 ,20,2102.600,0.060,2102.540,31.200,1.506%,2,G,17
12,SYMC,B,4/24/2019,(24.3350),100,-2433.500,18,SYMC,S,4/29/2019,24.3550 ,100,2435.500,0.070,2435.430,2.000,0.082%,5,G,18
22,T,B,4/24/2019,(31.3600),70,-2195.200,10,T,S,4/24/2019,30.8800 ,70,2161.600,0.060,2161.540,-33.600,-1.531%,0,L,17
50,TCEHY,B,4/24/2019,(49.6800),60,-2980.800,4,TCEHY,S,5/3/2019,49.9300 ,60,2995.800,0.080,2995.720,15.000,0.503%,9,G,18
14,VZ,B,4/24/2019,(57.2000),60,-3432.000,50,VZ,S,5/10/2019,56.5300 ,60,3391.800,0.090,3391.710,-40.200,-1.171%,16,L,19
18,VZ,B,4/24/2019,(57.1500),50,-2857.500,6,VZ,S,4/24/2019,57.1800 ,50,2859.000,0.070,2858.930,1.500,0.052%,0,G,17
2,WDC,B,4/24/2019,(54.5000),50,-2725.000,14,WDC,S,5/10/2019,44.5101 ,50,2225.505,0.060,2225.445,-499.495,-18.330%,16,L,19
4,IRM,B,4/25/2019,(32.6300),90,-2936.700,6,IRM,S,4/25/2019,33.1200 ,90,2980.800,0.080,2980.720,44.100,1.502%,0,G,17
10,TMUS,B,4/25/2019,(73.1999),40,-2927.996,34,TMUS,S,4/26/2019,73.2200 ,40,2928.800,0.080,2928.720,0.804,0.027%,1,G,17
60,AAPL,B,4/26/2019,(203.5499),1,-203.550,16,AAPL,S,4/26/2019,203.6000 ,1,203.600,0.020,203.580,0.050,0.025%,0,G,17
60,AAPL,B,4/26/2019,(203.5499),11,-2239.049,18,AAPL,S,4/26/2019,203.6000 ,11,2239.600,0.060,2239.540,0.551,0.025%,0,G,17
26,ABBV,B,4/26/2019,(79.6997),40,-3187.988,4,ABBV,S,4/29/2019,80.8000 ,40,3232.000,0.080,3231.920,44.012,1.381%,3,G,18
58,AMAT,B,4/26/2019,(43.7300),1,-43.730,10,AMAT,S,4/26/2019,43.7600 ,1,43.760,0.020,43.740,0.030,0.069%,0,G,17
58,AMAT,B,4/26/2019,(43.7300),69,-3017.370,14,AMAT,S,4/26/2019,43.7600 ,69,3019.440,0.080,3019.360,2.070,0.069%,0,G,17
30,CSCO,B,4/26/2019,(55.7900),50,-2789.500,2,CSCO,S,4/30/2019,55.8200 ,50,2791.000,0.070,2790.930,1.500,0.054%,4,G,18
2,NKE,B,4/26/2019,(87.6500),30,-2629.500,6,NKE,S,4/26/2019,88.1400 ,30,2644.200,0.070,2644.130,14.700,0.559%,0,G,17
22,TMUS,B,4/26/2019,(72.8600),40,-2914.400,8,TMUS,S,4/29/2019,73.5601 ,40,2942.404,0.080,2942.324,28.004,0.961%,3,G,18
22,MU,B,4/29/2019,(42.1000),40,-1684.000,20,MU,S,4/29/2019,42.1500 ,40,1686.000,0.050,1685.950,2.000,0.119%,0,G,18
4,INTC,B,4/30/2019,(51.0000),50,-2550.000,12,INTC,S,5/1/2019,51.0500 ,50,2552.500,0.070,2552.430,2.500,0.098%,1,G,18
24,MU,B,4/30/2019,(41.8400),60,-2510.400,14,MU,S,5/1/2019,41.9000 ,60,2514.000,0.070,2513.930,3.600,0.143%,1,G,18
6,SBUX,B,4/30/2019,(76.9000),29,-2230.100,10,SBUX,S,5/1/2019,77.9500 ,29,2260.550,0.050,2260.500,30.450,1.365%,1,G,18
8,SBUX,B,4/30/2019,(76.9000),1,-76.900,10,SBUX,S,5/1/2019,77.9500 ,1,77.950,0.010,77.940,1.050,1.365%,1,G,18
20,TGT,B,4/30/2019,(77.9500),31,-2416.450,20,TGT,S,5/1/2019,77.1000 ,31,2390.100,0.060,2390.040,-26.350,-1.090%,1,L,18
22,TGT,B,4/30/2019,(77.9500),9,-701.550,20,TGT,S,5/1/2019,77.1000 ,9,693.900,0.020,693.880,-7.650,-1.090%,1,L,18
4,MSFT,B,5/1/2019,(129.7290),9,-1167.561,12,MSFT,S,5/10/2019,124.3902 ,9,1119.512,0.040,1119.472,-48.049,-4.115%,9,L,19
6,NKE,B,5/1/2019,(87.4400),30,-2623.200,6,NKE,S,5/10/2019,82.4700 ,30,2474.100,0.070,2474.030,-149.100,-5.684%,9,L,19
18,TMUS,B,5/1/2019,(73.2199),30,-2196.597,4,TMUS,S,5/2/2019,73.4900 ,30,2204.700,0.060,2204.640,8.103,0.369%,1,G,18
2,ABBV,B,5/6/2019,(77.9600),35,-2728.600,4,ABBV,S,5/8/2019,78.2200 ,35,2737.700,0.070,2737.630,9.100,0.334%,2,G,19
4,BAC,B,5/6/2019,(30.1000),90,-2709.000,8,BAC,S,5/10/2019,29.3700 ,90,2643.300,0.070,2643.230,-65.700,-2.425%,4,L,19
8,FTNT,B,5/6/2019,(83.8999),30,-2516.997,22,FTNT,S,5/10/2019,80.5100 ,30,2415.300,0.060,2415.240,-101.697,-4.040%,4,L,19
10,MU,B,5/6/2019,(41.5693),40,-1662.772,2,MU,S,5/10/2019,38.1000 ,40,1524.000,0.050,1523.950,-138.772,-8.346%,4,L,19
6,T,B,5/6/2019,(30.4800),90,-2743.200,30,T,S,5/10/2019,30.2801 ,90,2725.209,0.070,2725.139,-17.991,-0.656%,4,L,19
4,AMD,B,5/7/2019,(27.0383),7,-189.268,6,AMD,S,5/8/2019,27.3317 ,7,191.322,0.020,191.302,2.054,1.085%,1,G,19
8,PG,B,5/8/2019,(104.5100),25,-2612.750,32,PG,S,5/10/2019,104.6903 ,25,2617.258,0.070,2617.188,4.507,0.173%,2,G,19
28,JNJ,B,5/10/2019,(138.9100),20,-2778.200,22,JNJ,S,5/16/2019,139.0100 ,20,2780.200,0.070,2780.130,2.000,0.072%,6,G,20
26,NFLX,B,5/10/2019,(362.2000),10,-3622.000,20,NFLX,S,5/16/2019,362.3501 ,10,3623.501,0.090,3623.411,1.501,0.041%,6,G,20
8,AVGO,B,5/13/2019,(292.5199),10,-2925.199,28,AVGO,S,5/14/2019,298.2100 ,10,2982.100,0.080,2982.020,56.901,1.945%,1,G,20
16,BAC,B,5/13/2019,(28.7600),100,-2876.000,30,BAC,S,5/14/2019,28.2804 ,100,2828.040,0.070,2827.970,-47.960,-1.668%,1,L,20
10,CRM,B,5/13/2019,(155.3300),20,-3106.600,10,CRM,S,5/14/2019,156.6801 ,20,3133.602,0.080,3133.522,27.002,0.869%,1,G,20
4,FTNT,B,5/13/2019,(80.2900),35,-2810.150,32,FTNT,S,5/14/2019,81.2721 ,35,2844.524,0.070,2844.454,34.373,1.223%,1,G,20
14,SBUX,B,5/13/2019,(76.8700),35,-2690.450,14,SBUX,S,5/14/2019,77.7214 ,35,2720.249,0.070,2720.179,29.799,1.108%,1,G,20
2,T,B,5/13/2019,(30.4300),90,-2738.700,2,T,S,5/14/2019,30.9300 ,90,2783.700,0.070,2783.630,45.000,1.643%,1,G,20
24,ETSY,B,5/14/2019,(58.9296),50,-2946.480,2,ETSY,S,5/15/2019,59.8801 ,50,2994.005,0.080,2993.925,47.525,1.613%,1,G,20
22,KMX,B,5/14/2019,(77.0883),40,-3083.532,4,KMX,S,5/21/2019,78.1439 ,40,3125.756,0.080,3125.676,42.224,1.369%,7,G,21
18,SBUX,B,5/14/2019,(77.3900),40,-3095.600,8,SBUX,S,5/16/2019,78.6800 ,40,3147.200,0.080,3147.120,51.600,1.667%,2,G,20
6,TMUS,B,5/14/2019,(73.4199),35,-2569.697,6,TMUS,S,5/15/2019,74.4502 ,35,2605.757,0.070,2605.687,36.060,1.403%,1,G,20
20,VZ,B,5/14/2019,(56.8400),60,-3410.400,14,VZ,S,5/16/2019,57.4810 ,60,3448.860,0.090,3448.770,38.460,1.128%,2,G,20
8,XRAY,B,5/14/2019,(54.8900),50,-2744.500,12,XRAY,S,5/16/2019,55.5024 ,50,2775.120,0.070,2775.050,30.620,1.116%,2,G,20
4,AMAT,B,5/16/2019,(41.2693),70,-2888.851,6,AMAT,S,5/17/2019,43.2100 ,70,3024.700,0.080,3024.620,135.849,4.703%,1,G,20
24,FAST,B,5/16/2019,(65.2000),40,-2608.000,26,FAST,S,5/21/2019,65.2200 ,40,2608.800,0.070,2608.730,0.800,0.031%,5,G,21
16,INTC,B,5/16/2019,(45.6900),50,-2284.500,24,INTC,S,5/20/2019,43.9000 ,50,2195.000,0.060,2194.940,-89.500,-3.918%,4,L,21
26,VFC,B,5/16/2019,(91.8800),30,-2756.400,10,VFC,S,5/21/2019,92.4510 ,30,2773.530,0.070,2773.460,17.130,0.621%,5,G,21
14,AVGO,B,5/17/2019,(292.4000),10,-2924.000,6,AVGO,S,6/5/2019,265.6910 ,10,2656.910,0.070,2656.840,-267.090,-9.134%,19,L,23
8,BAC,B,5/17/2019,(28.4600),100,-2846.000,18,BAC,S,5/21/2019,28.6805 ,100,2868.050,0.070,2867.980,22.050,0.775%,4,G,21
10,MU,B,5/17/2019,(36.4300),19,-692.170,12,MU,S,5/20/2019,34.8000 ,19,661.200,0.030,661.170,-30.970,-4.474%,3,L,21
2,NFLX,B,5/17/2019,(356.4800),8,-2851.840,8,NFLX,S,5/20/2019,345.9800 ,8,2767.840,0.070,2767.770,-84.000,-2.945%,3,L,21
20,NKE,B,5/17/2019,(84.0900),25,-2102.250,14,NKE,S,5/20/2019,82.9000 ,25,2072.500,0.060,2072.440,-29.750,-1.415%,3,L,21
18,SBUX,B,5/17/2019,(78.7094),35,-2754.829,4,SBUX,S,5/20/2019,77.9000 ,35,2726.500,0.070,2726.430,-28.329,-1.028%,3,L,21
10,ABT,B,5/20/2019,(75.5600),35,-2644.600,2,ABT,S,5/21/2019,76.3800 ,35,2673.300,0.070,2673.230,28.700,1.085%,1,G,21
18,CRM,B,5/20/2019,(154.8900),15,-2323.350,2,CRM,S,5/22/2019,157.2500 ,15,2358.750,0.060,2358.690,35.400,1.524%,2,G,21
16,JWN,B,5/20/2019,(37.3900),70,-2617.300,14,JWN,S,5/21/2019,37.7900 ,70,2645.300,0.070,2645.230,28.000,1.070%,1,G,21
22,SBUX,B,5/20/2019,(77.6600),35,-2718.100,22,SBUX,S,6/4/2019,77.8500 ,35,2724.750,0.070,2724.680,6.650,0.245%,15,G,23
12,GE,B,5/21/2019,(9.9200),300,-2976.000,4,GE,S,5/22/2019,10.0700 ,300,3021.000,0.110,3020.890,45.000,1.512%,1,G,21
28,HD,B,5/21/2019,(190.3400),15,-2855.100,2,HD,S,5/23/2019,190.9200 ,15,2863.800,0.070,2863.730,8.700,0.305%,2,G,21
16,KO,B,5/21/2019,(48.6199),60,-2917.194,6,KO,S,5/22/2019,49.2901 ,60,2957.406,0.080,2957.326,40.212,1.378%,1,G,21
22,MSFT,B,5/21/2019,(126.9399),20,-2538.798,14,MSFT,S,5/22/2019,128.0950 ,20,2561.900,0.070,2561.830,23.102,0.910%,1,G,21
24,NKE,B,5/21/2019,(82.8300),30,-2484.900,8,NKE,S,5/28/2019,83.0100 ,30,2490.300,0.060,2490.240,5.400,0.217%,7,G,22
8,TMUS,B,5/21/2019,(77.5000),35,-2712.500,18,TMUS,S,6/5/2019,76.3210 ,35,2671.235,0.070,2671.165,-41.265,-1.521%,15,L,23
16,BAC,B,5/22/2019,(28.5400),115,-3282.100,54,BAC,S,6/7/2019,27.6200 ,115,3176.300,0.080,3176.220,-105.800,-3.224%,16,L,23
10,GE,B,5/22/2019,(9.9400),325,-3230.500,12,GE,S,6/4/2019,9.8400 ,325,3198.000,0.110,3197.890,-32.500,-1.006%,13,L,23
8,INTC,B,5/22/2019,(44.0300),75,-3302.250,4,INTC,S,5/23/2019,44.1500 ,75,3311.250,0.080,3311.170,9.000,0.273%,1,G,21
10,AMD,B,5/23/2019,(26.1098),125,-3263.725,10,AMD,S,5/24/2019,26.8600 ,125,3357.500,0.080,3357.420,93.775,2.873%,1,G,21
8,MSFT,B,5/23/2019,(125.3992),25,-3134.980,4,MSFT,S,5/24/2019,126.7600 ,25,3169.000,0.080,3168.920,34.020,1.085%,1,G,21
12,NKE,B,5/23/2019,(82.2500),10,-822.500,8,NKE,S,5/28/2019,83.0100 ,10,830.100,0.020,830.080,7.600,0.924%,5,G,22
6,SQ,B,5/24/2019,(64.6100),50,-3230.500,10,SQ,S,5/28/2019,66.2800 ,50,3314.000,0.080,3313.920,83.500,2.585%,4,G,22
8,YUM,B,5/24/2019,(101.0500),35,-3536.750,8,YUM,S,5/29/2019,99.3396 ,35,3476.886,0.090,3476.796,-59.864,-1.693%,5,L,22
6,CRM,B,5/28/2019,(154.9989),21,-3254.977,4,CRM,S,5/29/2019,152.7000 ,21,3206.700,0.080,3206.620,-48.277,-1.483%,1,L,22
2,PG,B,5/28/2019,(105.6398),30,-3169.194,10,PG,S,5/29/2019,104.0500 ,30,3121.500,0.080,3121.420,-47.694,-1.505%,1,L,22
12,T,B,5/29/2019,(31.9799),100,-3197.990,4,T,S,5/30/2019,32.0501 ,100,3205.010,0.080,3204.930,7.020,0.220%,1,G,22
10,NKTR,B,5/30/2019,(32.1053),100,-3210.530,4,NKTR,S,5/31/2019,31.4631 ,100,3146.310,0.080,3146.230,-64.220,-2.000%,1,L,22
6,O,B,5/30/2019,(69.3299),45,-3119.846,12,O,S,5/31/2019,70.0902 ,45,3154.059,0.080,3153.979,34.213,1.097%,1,G,22
2,PG,B,5/30/2019,(104.6899),30,-3140.697,10,PG,S,5/31/2019,103.6400 ,30,3109.200,0.080,3109.120,-31.497,-1.003%,1,L,22
8,FSLR,B,5/31/2019,(58.4200),55,-3213.100,4,FSLR,S,6/3/2019,59.1891 ,55,3255.401,0.080,3255.321,42.301,1.317%,3,G,23
16,KMX,B,5/31/2019,(78.3584),40,-3134.336,6,KMX,S,6/3/2019,79.4065 ,40,3176.260,0.080,3176.180,41.924,1.338%,3,G,23
14,KO,B,5/31/2019,(49.1000),65,-3191.500,8,KO,S,6/3/2019,49.6800 ,65,3229.200,0.080,3229.120,37.700,1.181%,3,G,23
10,ABT,B,6/3/2019,(75.6983),45,-3406.424,26,ABT,S,6/4/2019,76.5122 ,45,3443.049,0.090,3442.959,36.626,1.075%,1,G,23
14,ETSY,B,6/3/2019,(61.0668),55,-3358.674,8,ETSY,S,6/4/2019,61.2571 ,55,3369.141,0.080,3369.061,10.467,0.312%,1,G,23
18,NFLX,B,6/3/2019,(336.8000),3,-1010.400,4,NFLX,S,6/4/2019,347.9000 ,3,1043.700,0.040,1043.660,33.300,3.296%,1,G,23
18,NFLX,B,6/3/2019,(336.8000),7,-2357.600,18,NFLX,S,6/4/2019,347.9000 ,7,2435.300,0.070,2435.230,77.700,3.296%,1,G,23
24,AMD,B,6/4/2019,(28.2100),120,-3385.200,20,AMD,S,6/5/2019,29.9900 ,120,3598.800,0.090,3598.710,213.600,6.310%,1,G,23
10,FAST,B,6/4/2019,(31.2400),100,-3124.000,22,FAST,S,6/5/2019,32.0100 ,100,3201.000,0.080,3200.920,77.000,2.465%,1,G,23
14,IRM,B,6/4/2019,(30.5300),100,-3053.000,24,IRM,S,6/5/2019,31.0315 ,100,3103.150,0.080,3103.070,50.150,1.643%,1,G,23
28,PFE,B,6/4/2019,(42.3750),80,-3390.000,4,PFE,S,6/5/2019,42.4200 ,80,3393.600,0.090,3393.510,3.600,0.106%,1,G,23
16,ETSY,B,6/5/2019,(61.5096),1,-61.510,4,ETSY,S,6/6/2019,61.5300 ,1,61.530,0.020,61.510,0.020,0.033%,1,G,23
16,ETSY,B,6/5/2019,(61.5096),54,-3321.518,6,ETSY,S,6/6/2019,61.5300 ,54,3322.620,0.080,3322.540,1.102,0.033%,1,G,23
2,JNJ,B,6/5/2019,(134.2700),25,-3356.750,16,JNJ,S,6/6/2019,136.4600 ,25,3411.500,0.090,3411.410,54.750,1.631%,1,G,23
8,MU,B,6/5/2019,(33.3490),100,-3334.900,8,MU,S,6/6/2019,33.3706 ,100,3337.060,0.080,3336.980,2.160,0.065%,1,G,23
12,TCEHY,B,6/5/2019,(41.7700),1,-41.770,12,TCEHY,S,6/6/2019,41.8100 ,1,41.810,0.020,41.790,0.040,0.096%,1,G,23
12,TCEHY,B,6/5/2019,(41.7700),1,-41.770,30,TCEHY,S,6/6/2019,41.8150 ,1,41.815,0.020,41.795,0.045,0.108%,1,G,23
12,TCEHY,B,6/5/2019,(41.7700),78,-3258.060,50,TCEHY,S,6/6/2019,41.8100 ,78,3261.180,0.080,3261.100,3.120,0.096%,1,G,23
14,TGT,B,6/5/2019,(85.4199),40,-3416.796,2,TGT,S,6/6/2019,85.4400 ,40,3417.600,0.090,3417.510,0.804,0.024%,1,G,23
24,M,B,6/6/2019,(20.2600),175,-3545.500,52,M,S,6/7/2019,20.5001 ,175,3587.518,0.100,3587.418,42.017,1.185%,1,G,23
26,MSFT,B,6/6/2019,(125.9798),30,-3779.394,4,MSFT,S,6/7/2019,129.0300 ,30,3870.900,0.100,3870.800,91.506,2.421%,1,G,23
20,MU,B,6/6/2019,(33.3599),110,-3669.589,14,MU,S,6/7/2019,33.7707 ,110,3714.777,0.090,3714.687,45.188,1.231%,1,G,23
14,NFLX,B,6/6/2019,(353.0000),10,-3530.000,12,NFLX,S,6/7/2019,363.0000 ,10,3630.000,0.090,3629.910,100.000,2.833%,1,G,23
18,PFE,B,6/6/2019,(42.7850),85,-3636.725,16,PFE,S,6/7/2019,43.1850 ,85,3670.725,0.090,3670.635,34.000,0.935%,1,G,23
22,WDC,B,6/6/2019,(37.8500),100,-3785.000,8,WDC,S,6/7/2019,37.4000 ,100,3740.000,0.090,3739.910,-45.000,-1.189%,1,L,23
32,ACB,B,6/7/2019,(7.6985),450,-3464.325,30,ACB,S,6/10/2019,7.8112 ,450,3515.040,0.130,3514.910,50.715,1.464%,3,G,24
28,BAC,B,6/7/2019,(27.5500),125,-3443.750,4,BAC,S,6/10/2019,28.1700 ,125,3521.250,0.090,3521.160,77.500,2.250%,3,G,24
18,IRM,B,6/7/2019,(31.1200),10,-311.200,50,IRM,S,6/10/2019,31.1924 ,10,311.924,0.020,311.904,0.724,0.233%,3,G,24
20,IRM,B,6/7/2019,(31.1200),100,-3112.000,50,IRM,S,6/10/2019,31.1924 ,100,3119.240,0.070,3119.170,7.240,0.233%,3,G,24
50,KHC,B,6/7/2019,(28.7300),125,-3591.250,2,KHC,S,6/10/2019,30.1600 ,125,3770.000,0.090,3769.910,178.750,4.977%,3,G,24
22,MAT,B,6/7/2019,(10.7300),100,-1073.000,24,MAT,S,6/10/2019,11.1950 ,100,1119.500,0.040,1119.460,46.500,4.334%,3,G,24
24,MAT,B,6/7/2019,(10.7300),100,-1073.000,26,MAT,S,6/10/2019,11.1950 ,100,1119.500,0.040,1119.460,46.500,4.334%,3,G,24
26,MAT,B,6/7/2019,(10.7300),100,-1073.000,28,MAT,S,6/10/2019,11.1950 ,100,1119.500,0.040,1119.460,46.500,4.334%,3,G,24
30,VFC,B,6/7/2019,(84.5300),19,-1606.070,48,VFC,S,6/10/2019,85.8400 ,19,1630.960,0.050,1630.910,24.890,1.550%,3,G,24
30,VFC,B,6/7/2019,(84.5300),26,-2197.780,52,VFC,S,6/10/2019,85.8400 ,26,2231.840,0.060,2231.780,34.060,1.550%,3,G,24
6,CRM,B,6/10/2019,(155.0200),50,-7751.000,4,CRM,S,6/11/2019,152.4300 ,50,7621.500,0.170,7621.330,-129.500,-1.671%,1,L,24
14,DAL,B,6/10/2019,(54.8755),100,-5487.550,46,DAL,S,6/11/2019,54.9110 ,100,5491.100,0.130,5490.970,3.550,0.065%,1,G,24
10,GPRO,B,6/10/2019,(5.8885),800,-4710.800,50,GPRO,S,6/11/2019,5.9100 ,800,4728.000,0.200,4727.800,17.200,0.365%,1,G,24
22,HRL,B,6/10/2019,(41.3299),100,-4132.990,12,HRL,S,6/11/2019,41.9310 ,100,4193.100,0.100,4193.000,60.110,1.454%,1,G,24
16,NFLX,B,6/10/2019,(352.9850),20,-7059.700,2,NFLX,S,6/11/2019,353.9000 ,20,7078.000,0.160,7077.840,18.300,0.259%,1,G,24
20,SYMC,B,6/10/2019,(19.2200),300,-5766.000,8,SYMC,S,6/11/2019,18.5601 ,300,5568.030,0.160,5567.870,-197.970,-3.433%,1,L,24
12,VZ,B,6/10/2019,(56.0198),100,-5601.980,10,VZ,S,6/11/2019,57.0200 ,100,5702.000,0.130,5701.870,100.020,1.785%,1,G,24
16,ACB,B,6/11/2019,(7.7499),600,-4649.940,54,ACB,S,6/13/2019,7.6539 ,600,4592.340,0.170,4592.170,-57.600,-1.239%,2,L,24
14,AMD,B,6/11/2019,(32.3600),125,-4045.000,52,AMD,S,6/13/2019,31.9003 ,125,3987.538,0.100,3987.438,-57.462,-1.421%,2,L,24
26,DAL,B,6/11/2019,(54.7400),100,-5474.000,4,DAL,S,6/12/2019,55.4000 ,100,5540.000,0.130,5539.870,66.000,1.206%,1,G,24
28,FAST,B,6/11/2019,(32.4299),125,-4053.738,8,FAST,S,6/13/2019,32.3201 ,125,4040.013,0.100,4039.913,-13.725,-0.339%,2,L,24
22,KO,B,6/11/2019,(51.4397),100,-5143.970,12,KO,S,6/13/2019,51.0800 ,100,5108.000,0.120,5107.880,-35.970,-0.699%,2,L,24
24,MAT,B,6/11/2019,(10.8800),500,-5440.000,2,MAT,S,6/12/2019,11.7300 ,500,5865.000,0.190,5864.810,425.000,7.813%,1,G,24
18,NFLX,B,6/11/2019,(351.7100),20,-7034.200,6,NFLX,S,6/13/2019,341.8590 ,20,6837.180,0.160,6837.020,-197.020,-2.801%,2,L,24
20,WDC,B,6/11/2019,(38.3198),125,-4789.975,14,WDC,S,6/12/2019,37.0200 ,125,4627.500,0.110,4627.390,-162.475,-3.392%,1,L,24
8,BAC,B,6/12/2019,(28.0300),200,-5606.000,10,BAC,S,6/13/2019,28.0203 ,200,5604.060,0.140,5603.920,-1.940,-0.035%,1,L,24
12,CRSP,B,6/12/2019,(42.6737),100,-4267.370,50,CRSP,S,6/13/2019,43.9000 ,100,4390.000,0.110,4389.890,122.630,2.874%,1,G,24
6,NKE,B,6/12/2019,(82.7900),1,-82.790,2,NKE,S,6/13/2019,83.3400 ,1,83.340,0.020,83.320,0.550,0.664%,1,G,24
6,NKE,B,6/12/2019,(82.7900),74,-6126.460,4,NKE,S,6/13/2019,83.3400 ,74,6167.160,0.140,6167.020,40.700,0.664%,1,G,24
18,AMAT,B,6/13/2019,(41.4900),100,-4149.000,,,,6/14/2019,41.1900 ,100,4119.000,,4119.000,-30.000,-0.723%,1,L,24
14,BAC,B,6/13/2019,(27.9500),200,-5590.000,,,,,,,,,,,,,,
22,CSCO,B,6/13/2019,(56.0499),100,-5604.990,,,,,,,,,,,,,,
28,HRL,B,6/13/2019,(41.7600),100,-4176.000,,,,,,,,,,,,,,
30,KHC,B,6/13/2019,(30.3500),150,-4552.500,,,,6/14/2019,30.3700 ,150,4555.500,,4555.500,3.000,0.066%,1,G,24
24,KO,B,6/13/2019,(50.9700),100,-5097.000,,,,6/14/2019,51.3700 ,100,5137.000,,5137.000,40.000,0.785%,1,G,24
26,PFE,B,6/13/2019,(42.5957),100,-4259.570,,,,6/14/2019,42.6200 ,100,4262.000,,4262.000,2.430,0.057%,1,G,24
